@book{Saussure1916,
  address = {Paris},
  author = {Ferdinand de Saussure},
  interhash = {f0c0605bdee43551185be81deb6a2145},
  intrahash = {fda24bc99db1fc518f263ff7e2c266a4},
  publisher = {Payot},
  title = {Cours de linguistique g{\'e}n{\'e}rale},
  year = 1916,
  keywords = {linguistics},
  added-at = {2011-03-16T01:00:56.000+0100},
  biburl = {http://www.bibsonomy.org/bibtex/2fda24bc99db1fc518f263ff7e2c266a4/fsteeg}
}

@article{SchmidtEtAl2010,
  author = {Rainer Schmidt and Ross King and Andrew Jackson and Carl Wilson and Fabian Steeg and Peter Melms},
  interhash = {4b8c250927ec2eb043ac09dc12737c4e},
  intrahash = {0a649927cf5ffbb39a0b69d5b65f55d0},
  journal = {The International Journal of Digital Curation},
  number = 1,
  title = {A Framework for Distributed Preservation Workflows},
  url = {http://www.ijdc.net/index.php/ijdc/article/view/157},
  volume = 5,
  year = 2010,
  keywords = {diss planets},
  added-at = {2011-03-09T04:25:11.000+0100},
  biburl = {http://www.bibsonomy.org/bibtex/20a649927cf5ffbb39a0b69d5b65f55d0/fsteeg}
}


@techreport{ChafiEtAl2010,
  author = {Hassan Chafi and Zach DeVito and Adriaan Moors and Tiark Rompf and Arvind Sujeeth and Pat Hanrahan and Martin Odersky and Kunle Olukotun},
  interhash = {51ec340245ea08112e18abd4d88360e7},
  intrahash = {f3976aeb933cbccfeb85e65dbc21cc08},
  title = {Language {V}irtualization for {H}eterogeneous {P}arallel {C}omputing},
  year = 2010,
  unit = {LAMP},
  keywords = {diss dsl scala},
  added-at = {2011-03-07T21:47:11.000+0100},
  details = {http://infoscience.epfl.ch/record/148814},
  documenturl = {http://infoscience.epfl.ch/record/148814/files/paper.pdf},
  status = {PUBLISHED},
  pagecount = {13},
  submitter = {177178; 177178; 177178},
  oai-id = {oai:infoscience.epfl.ch:148814},
  affiliation = {EPFL},
  biburl = {http://www.bibsonomy.org/bibtex/2f3976aeb933cbccfeb85e65dbc21cc08/fsteeg},
  oai-set = {report; fulltext-public; fulltext},
  abstract = {As heterogeneous parallel systems become dominant,
                 application developers are being forced to turn to an
                 incompatible mix of low level programming models (e.g.
                 OpenMP, MPI, CUDA, OpenCL). However, these models do
                 little to shield developers from the difficult problems
                 of parallelization, data decomposition and
                 machine-specific details. Ordinary programmers are having
                 a difficult time using these programming models
                 effectively. To provide a programming model that
                 addresses the productivity and performance requirements
                 for the average programmer, we explore a domain-specific
                 approach to heterogeneous parallel programming. We
                 propose language virtualization as a new principle that
                 enables the construction of highly efficient parallel
                 domain specific languages that are embedded in a common
                 host language. We define criteria for language
                 virtualization and present techniques to achieve them. We
                 present two concrete case studies of domain-specific
                 languages that are implemented using our virtualization
                 approach.}
}


@article{RohrdantzEtAl2010,
  address = {Berlin / Heidelberg},
  author = {Christian Rohrdantz and Steffen Koch and Charles Jochim and Gerhard Heyer and Gerik Scheuermann and Thomas Ertl and Hinrich Schütze and Daniel A. Keim},
  interhash = {4185dc756107dc5dcd2bc9a5eafbfe9a},
  intrahash = {396312947cf645f2f41c1633b44f13ae},
  journal = {Informatik-Spektrum},
  pages = {601-611},
  publisher = {Springer},
  title = {Visuelle Textanalyse},
  url = {http://dx.doi.org/10.1007/s00287-010-0483-x},
  volume = 33,
  year = 2010,
  keywords = {diss nlp text-mining},
  added-at = {2011-01-11T06:02:04.000+0100},
  issn = {0170-6012},
  description = {SpringerLink - Informatik-Spektrum, Volume 33, Number 6},
  keyword = {Computer Science},
  issue = {6},
  affiliation = {Arbeitsgruppe Datenbanken, Datenanalyse und Visualisierung, Fachbereich Informatik und Informationswissenschaft, Universität Konstanz, Universitätsstrasse 10, 78464 Konstanz, Deutschland},
  biburl = {http://www.bibsonomy.org/bibtex/2396312947cf645f2f41c1633b44f13ae/fsteeg},
  doi = {10.1007/s00287-010-0483-x},
  abstract = {Methoden und Techniken zur automatischen Verarbeitung und inhaltlichen Erfassung großer Mengen an Textdokumenten haben in den vergangenen Jahren enorm an Bedeutung gewonnen. Während einerseits die Verfügbarkeit und der Zugang zu digitalisierten Textdokumenten bis dato in ungeahntem Maße gestiegen sind, erweist sich die Erfassung des semantischen Inhalts solcher Dokumentsammlungen als problematisch. Dem expandierenden Forschungsfeld der visuellen Textanalyse und Textvisualisierung kommt dabei eine Schlüsselrolle bei der Lösung von Problemstellungen aus der Praxis zu. Anhand aktueller Anwendungsbeispiele und einem Überblick über den Stand der Forschung erläutert dieser Artikel die vielfältigen Möglichkeiten, die sich durch visuelle Textanalyse ergeben.}
}


@book{Langefors1995,
  author = {B\"{o}rje Langefors},
  editor = {B\"{o}rje Langefors},
  interhash = {c90eb11e74081af2b06c28a42748c175},
  intrahash = {36ff0951c62ccd00e1faa14cd076aaa8},
  publisher = {Studentlitteratur, Lund},
  title = {{Essays on infology}},
  year = 1995,
  keywords = {diss information},
  added-at = {2011-01-10T23:50:13.000+0100},
  posted-at = {2005-06-10 13:15:59},
  priority = {0},
  biburl = {http://www.bibsonomy.org/bibtex/236ff0951c62ccd00e1faa14cd076aaa8/fsteeg},
  citeulike-article-id = {225096}
}

@incollection{RolshovenAndSchwiebert2008,
  author = {Jürgen Rolshoven and Stephan Schwiebert},
  editor = {Claudia Maria Riehl and Astrid Rothe},
  booktitle = {Was ist linguistische Evidenz?},
  series={ZSM-Studien, Schriften des Zentrums Sprachenvielfalt und Mehrsprachigkeit der Universität zu Köln},
  publisher = {Shaker},
  interhash = {23669c6180a390edd6b99abcc7314314},
  intrahash = {4ece516d522deb6ed20403a5a9f098d2},
  title = {Evidenzprozesse: Korpora, Kompression und Musterbildung},
  year = 2008,
  keywords = {diss evidenz nlp text-mining},
  added-at = {2011-01-10T19:13:09.000+0100},
  biburl = {http://www.bibsonomy.org/bibtex/24ece516d522deb6ed20403a5a9f098d2/fsteeg}
}
@incollection{HeydeggerEtAl2009,
  address = {Hamburg},
  author = {Volker Heydegger and Jan Schnasse and Elona Weiper},
  booktitle = {The eXtensible Chacterisation Languages -- XCL},
  chapter = 5,
  pages = {153--202},
  publisher = {Verlag Dr. Kovac},
  series = {K"olner Beitr"age zu einer geisteswissenschaftlichen Fachinformatik},
  title = {XCL Tools},
  volume = 3,
  year = 2009,
  keywords = {digital-preservation diss planets}
}

@techreport{RompfAndOdersky2010,
  author = {Tiark Rompf and Martin Odersky},
  institution = {EPFL},
  interhash = {02524695b666cfd663b3314bf62f10ac},
  intrahash = {1881c5c29a8853c7b6f4593fc0d4814d},
  title = {Lightweight {M}odular {S}taging: {A} {P}ragmatic {A}pproach to {R}untime {C}ode {G}eneration and {C}ompiled {DSL}s},
  year = 2010,
  unit = {LAMP},
  keywords = {diss dsl scala},
  added-at = {2011-02-22T17:45:35.000+0100},
  details = {http://infoscience.epfl.ch/record/149131},
  documenturl = {http://infoscience.epfl.ch/record/149131/files/paper.pdf},
  status = {PUBLISHED},
  pagecount = {10},
  submitter = {185682; 185682},
  oai-id = {oai:infoscience.epfl.ch:149131},
  affiliation = {EPFL},
  biburl = {http://www.bibsonomy.org/bibtex/21881c5c29a8853c7b6f4593fc0d4814d/fsteeg},
  oai-set = {report; fulltext-public; fulltext},
  abstract = {Software engineering demands generality and abstraction,
                 performance demands specialization and concretization.
                 Generative programming can provide both, but the effort
                 required to develop high-quality program generators
                 likely offsets their benefits, even if a multi-stage
                 programming language is used. We present lightweight
                 modular staging, a library-based multi-stage programming
                 approach that breaks with the tradition of syntactic
                 quasi-quotation and instead uses only types to
                 distinguish between binding times. Through extensive use
                 of component technology, lightweight modular staging
                 makes an optimizing compiler framework available at the
                 library level, allowing programmers to tightly integrate
                 domain-specific abstractions and optimizations into the
                 generation process. We argue that lightweight modular
                 staging enables a form of language virtualization, i.e.
                 allows to go from a pure-library embedded language to one
                 that is practically equivalent to a stand-alone
                 implementation with only modest effort.}
}



@article{Rechenberg2010,
  author = {Peter Rechenberg},
  interhash = {d651f9474ed625a03f903b8ab2a61cf8},
  intrahash = {ee471eba856b95d76a4fbce1b83d933d},
  journal = {Informatik Spektrum},
  number = 1,
  pages = {54-60},
  title = {Was ist Informatik?},
  volume = 33,
  year = 2010,
  keywords = {diss informatik programming},
  ee = {http://dx.doi.org/10.1007/s00287-009-0369-y},
  added-at = {2010-12-13T18:56:58.000+0100},
  bibsource = {DBLP, http://dblp.uni-trier.de},
  description = {DBLP Record 'journals/insk/Rechenberg10'},
  biburl = {http://www.bibsonomy.org/bibtex/2ee471eba856b95d76a4fbce1b83d933d/fsteeg}
}


@book{Misa2010,
  editor = {Thomas J. Misa},
  interhash = {e5527ce7d11d9b0af0b9713d3a930b56},
  intrahash = {695887d8561966a380a0c33f5c440af4},
  publisher = {Wiley; IEEE Computer Society},
  title = {Gender Codes: Why Women Are Leaving Computing},
  url = {http://www.worldcat.org/isbn/9780470597194},
  year = 2010,
  keywords = {diss programming},
  added-at = {2010-12-13T15:19:59.000+0100},
  biburl = {http://www.bibsonomy.org/bibtex/2695887d8561966a380a0c33f5c440af4/fsteeg}
}

@inproceedings{GreenAndPetre1992,
  author = {T.R.G. Green and M. Petre},
  booktitle = {Proceedings of ECCE-6},
  interhash = {c207dc91c13ad9749f851ecd35b57fbf},
  intrahash = {fd6635f50004d068054ff51327a416b0},
  pages = {167--180},
  title = {When Visual Programs are Harder to Read than Textual Programs},
  url = {http://citeseerx.ist.psu.edu/viewdoc/summary?doi=10.1.1.57.1633},
  year = 1992,
  keywords = {diss dsl},
  added-at = {2010-12-07T14:29:44.000+0100},
  description = {CiteSeerX — When Visual Programs are Harder to Read than Textual Programs},
  biburl = {http://www.bibsonomy.org/bibtex/2fd6635f50004d068054ff51327a416b0/fsteeg},
  abstract = {Claims for the virtues of visual programming languages have generally been strong, simple-minded statements that visual programs are inherently better than textual ones. They have paid scant attention to previous empirical literature showing difficulties in comprehending visual programs. This paper reports comparisons between the comprehensibility of textual and visual programs, drawing on the methods developed by Green (1977) for comparing detailed comprehensibility of conditional structures. The visual language studied was LabView, a circuit-diagram-like language which can express conditionals either as `forwards&#039; structures (condition implies action, with nesting) or as `backwards&#039; structures (action is governed by conditions, with boolean operators in place of nesting). Green (1977) found that forwards structures gave relatively better access to `sequential&#039; information, and Gilmore and Green (1984) showed `backwards&#039; structures gave relatively better access to `circumstantial&#039; inf...}
}

@incollection{Thaller2009b,
  address = {Hamburg},
  author = {Manfred Thaller},
  booktitle = {The eXtensible Chacterisation Languages -- XCL},
  chapter = 7,
  interhash = {9ef84c6b6f6cfb31d7a7f600e773b983},
  intrahash = {ebc24c375c4a32dcd690633802cbd5ac},
  pages = {223--240},
  publisher = {Verlag Dr. Kovac},
  series = {K"olner Beitr"age zu einer geisteswissenschaftlichen Fachinformatik},
  title = {The Cologne Information Model: Representing Information Persistently},
  volume = 3,
  year = 2009,
  keywords = {digital-preservation diss planets},
  added-at = {2010-12-01T01:36:18.000+0100},
  biburl = {http://www.bibsonomy.org/bibtex/2ebc24c375c4a32dcd690633802cbd5ac/fsteeg}
}

@incollection{BeylEtAl2009,
  address = {Hamburg},
  author = {Sebastian Beyl and Volker Heydegger and Jan Schnasse},
  booktitle = {The eXtensible Chacterisation Languages -- XCL},
  chapter = 2,
  editor = {Manfred Thaller},
  interhash = {323b5f7c768e4779f76ccc93fb6ef630},
  intrahash = {18fc40def4098cd449f2d9cad226e06f},
  pages = {27--52},
  publisher = {Verlag Dr. Kovac},
  series = {K"olner Beitr"age zu einer geisteswissenschaftlichen Fachinformatik},
  title = {XCDL: Extensible Characterisation Description Language},
  volume = 3,
  year = 2009,
  keywords = {digital-preservation diss planets},
  added-at = {2010-11-30T16:36:20.000+0100},
  biburl = {http://www.bibsonomy.org/bibtex/218fc40def4098cd449f2d9cad226e06f/fsteeg}
}

@incollection{SchnasseEtAl2009,
  address = {Hamburg},
  author = {Jan Schnasse and Volker Heydegger and Elona Weiper},
  booktitle = {The eXtensible Chacterisation Languages -- XCL},
  chapter = 3,
  editor = {Manfred Thaller},
  interhash = {c4beb63912c88f69a87855b218a77113},
  intrahash = {67b342c63f73e2df2829062b805f38d3},
  pages = {53--138},
  publisher = {Verlag Dr. Kovac},
  series = {K"olner Beitr"age zu einer geisteswissenschaftlichen Fachinformatik},
  title = {XCEL: Extensible Characterisation Extraction Language},
  volume = 3,
  year = 2009,
  keywords = {annotation digital-preservation diss planets},
  added-at = {2010-11-30T16:17:52.000+0100},
  biburl = {http://www.bibsonomy.org/bibtex/267b342c63f73e2df2829062b805f38d3/fsteeg}
}

@article{Bergmann2010,
  address = {Berlin / Heidelberg},
  author = {Ralph Bergmann},
  interhash = {fe18f8b6230c70bee6270205284921fd},
  intrahash = {8d9700a99e07afcc38ec0d3d745a5741},
  journal = {KI - Künstliche Intelligenz},
  pages = {279-281},
  publisher = {Springer},
  title = {KI im Daten-Tsunami},
  url = {http://dx.doi.org/10.1007/s13218-010-0066-7},
  volume = 24,
  year = 2010,
  keywords = {diss ki text-mining},
  added-at = {2010-11-30T02:49:46.000+0100},
  issn = {0933-1875},
  description = {SpringerLink - KI - Künstliche Intelligenz, Volume 24, Number 4},
  keyword = {Computer Science},
  issue = {4},
  affiliation = {Universität Trier, Trier, Deutschland},
  biburl = {http://www.bibsonomy.org/bibtex/28d9700a99e07afcc38ec0d3d745a5741/fsteeg},
  doi = {10.1007/s13218-010-0066-7}
}

@phdthesis{Bull2008,
  author = {R. I. Bull},
  interhash = {0a7ebcf058f5637b0f803ce370ea1949},
  intrahash = {61b2225b90c6430f09f35f912ed0f474},
  school = {Canada, University of Victoria},
  title = {Model Driven Visualization: Towards A Model Driven 
Engineering Approach For Information Visualization},
  url = {http://www.cs.uvic.ca/~chisel/thesis/irbull_phd.pdf },
  year = 2008,
  keywords = {diss visualization},
  added-at = {2010-11-30T01:31:22.000+0100},
  biburl = {http://www.bibsonomy.org/bibtex/261b2225b90c6430f09f35f912ed0f474/fsteeg}
}

@article{Wittgenstein1922,
  author = {Ludwig Wittgenstein},
  editor = {Wilhelm Ostwald},
  journal={Annalen der Naturphilosophie},
  volume ={14},
  interhash = {c39a1b93744c957f9098b1826bb2c2a9},
  intrahash = {032d5002f79e321db30c9d589d41a58a},
  publisher = {Routledge},
  title = {Logisch-Philosophische Abhandlung},
  url = {http://scholar.google.de/scholar.bib?q=info:1G2GoIkyCZIJ:scholar.google.com/&output=citation&hl=de&ct=citation&cd=0},
  year = 1921,
  keywords = {diss philosophy},
  added-at = {2010-11-24T00:59:16.000+0100},
  biburl = {http://www.bibsonomy.org/bibtex/2032d5002f79e321db30c9d589d41a58a/fsteeg}
}

@article{HemelEtAl2011,
  author = {Zef Hemel and Danny Groenewegen and Lennart C. L. Kats and Eelco Visser},
  interhash = {8544e22a39229fb060d38f4f51501bb3},
  intrahash = {1be23e2ea16c718939a692c0c2a71340},
  journal = {Journal of Symbolic Computation},
  number = 2,
  pages = {150-182},
  title = {Static Consistency Checking of Web Applications with WebDSL},
  volume = 46,
  year = 2011,
  tags = {Ruby, Ruby on Rails, query language, XML, language design, WebDSL, domain analysis, compiler, design, Stratego, static analysis, rule-based, web applications, domain-specific language},
  researchr = {http://researchr.org/publication/HemelGKV2011},
  keywords = {diss static-typing},
  added-at = {2010-11-23T17:51:53.000+0100},
  description = {Static Consistency Checking of Web Applications with WebDSL - researchr publication bibtex},
  biburl = {http://www.bibsonomy.org/bibtex/21be23e2ea16c718939a692c0c2a71340/fsteeg},
  doi = {http://dx.doi.org/10.1016/j.jsc.2010.08.006},
  month = {February}
}

@article{Shore2004,
  address = {Los Alamitos, CA, USA},
  author = {Jim Shore},
  interhash = {a9be75663cd86e157d21fe77ad68e085},
  intrahash = {aeea29c18493a8d52283241d0b74c623},
  journal = {IEEE Software},
  number = 5,
  pages = {21-25},
  publisher = {IEEE Computer Society},
  title = {Fail Fast},
  url = {http://www.computer.org/portal/web/csdl/doi/10.1109/MS.2004.1331296},
  volume = 21,
  year = 2004,
  keywords = {diss programming},
  added-at = {2010-11-23T15:53:01.000+0100},
  issn = {0740-7459},
  description = {Fail Fast},
  biburl = {http://www.bibsonomy.org/bibtex/2aeea29c18493a8d52283241d0b74c623/fsteeg},
  doi = {10.1109/MS.2004.1331296,}
}

@book{GoetzEtAl2006,
  author = {Brian Goetz and Joshua Bloch and Joseph Bowbeer and Doug Lea and David Holmes and Tim Peierls},
  interhash = {2f17e8830d0a3a84af97f3dae2a3e0e0},
  intrahash = {9762b522ce36a535fe6c619b2ff79945},
  publisher = {Addison-Wesley Longman, Amsterdam},
  title = {Java Concurrency in Practice},
  url = {http://www.amazon.de/Java-Concurrency-Practice-Brian-Goetz/dp/0321349601},
  year = 2006,
  ean = {9780321349606},
  keywords = {concurrency diss java},
  added-at = {2010-11-23T01:16:53.000+0100},
  asin = {0321349601},
  description = {Java Concurrency in Practice: Amazon.de: Brian Goetz, Joshua Bloch, Joseph Bowbeer, Doug Lea, David Holmes, Tim Peierls: Englische Bücher},
  isbn = {0321349601},
  biburl = {http://www.bibsonomy.org/bibtex/29762b522ce36a535fe6c619b2ff79945/fsteeg},
  dewey = {005.133}
}

@article{BerekovicAndHochberger2008,
  author = {Mladen Berekovic and Christian Hochberger and Andreas Koch},
  interhash = {6bdef74e21dc49ad3c5d953157229860},
  intrahash = {bf470c74b1e05d7fa976b3c6620a3ef2},
  journal = {Informatik Spektrum},
  number = 4,
  pages = {344-347},
  title = {Rekonfigurierbare Architekturen},
  volume = 31,
  year = 2008,
  keywords = {diss multi-core},
  ee = {http://dx.doi.org/10.1007/s00287-008-0262-0},
  added-at = {2010-11-23T01:11:19.000+0100},
  bibsource = {DBLP, http://dblp.uni-trier.de},
  description = {DBLP Record 'journals/insk/BerekovicHK08'},
  biburl = {http://www.bibsonomy.org/bibtex/2bf470c74b1e05d7fa976b3c6620a3ef2/fsteeg}
}

@book{Clark2006,
  author = {Mike Clark},
  interhash = {8d7c3be3888319497c833ec500f842de},
  intrahash = {cb276597ce608c955f4d24e76518c7b9},
  publisher = {Hanser Fachbuchverlag},
  title = {Pragmatisch Programmieren - Projekt-Automatisierung.},
  url = {http://www.amazon.de/Pragmatisch-Programmieren-Projekt-Automatisierung-Mike-Clark/dp/3446400087},
  year = 2006,
  ean = {9783446400085},
  keywords = {diss programming},
  added-at = {2010-11-22T16:57:53.000+0100},
  asin = {3446400087},
  description = {Pragmatisch Programmieren - Projekt-Automatisierung.: Amazon.de: Mike Clark: Bücher},
  isbn = {3446400087},
  biburl = {http://www.bibsonomy.org/bibtex/2cb276597ce608c955f4d24e76518c7b9/fsteeg}
}

@article{Pedersen2008b,
  author = {Ted Pedersen},
  interhash = {218df807578c3185dbad992aa55c3bd8},
  intrahash = {2b18746e29281f3b622515d335e25abe},
  journal = {Computational Linguistics},
  number = 3,
  pages = {465-470},
  title = {Empiricism Is Not a Matter of Faith},
  url = {http://www.mitpressjournals.org/doi/abs/10.1162/coli.2008.34.3.465#},
  volume = 34,
  year = 2008,
  keywords = {diss empiricism nlp research science},
  ee = {http://dx.doi.org/10.1162/coli.2008.34.3.465},
  added-at = {2010-11-09T17:22:46.000+0100},
  description = {"The tale of the Zigglebottom Tagger is one of disappointment, not just for you but also for Zigglebottom himself. While his work achieved publication, it must gnaw at his scientific conscience that he can’t reproduce his own results."},
  biburl = {http://www.bibsonomy.org/bibtex/22b18746e29281f3b622515d335e25abe/fsteeg}
}

@article{Ziegler2007,
  author = {Cai Ziegler},
  interhash = {1c9f9a44eee04a487f5c6b0d314d5b49},
  intrahash = {5922f6f2d00fbe00f7d5049e24defab7},
  journal = {iX Magazin f"ur professionelle Informationstechnik},
  pages = 132,
  title = {Wissen aus W"ortern: Frameworks für Text Mining und Natural Language Processing},
  volume = {9/2007},
  year = 2007,
  keywords = {text-mining},
  added-at = {2010-11-09T16:40:55.000+0100},
  description = {. heise online-Kiosk - iX-Archiv, 9/2007, Seite 132},
  biburl = {http://www.bibsonomy.org/bibtex/25922f6f2d00fbe00f7d5049e24defab7/fsteeg}
}

@book{Brooks1975,
  author = {Frederick P. Brooks},
  interhash = {7f0faa2359c30fc99c4bfc2c203d3ecd},
  intrahash = {368f8c335ac4bc492572b7d29efe7753},
  title = {The mythical man-month -- Essays on Software-Engineering},
  publisher={Addison-Wesley},
  year = 1975,
  topics = {Programming/Software Engineering},
  keywords = {diss programming},
  added-at = {2010-11-09T16:30:39.000+0100},
  biburl = {http://www.bibsonomy.org/bibtex/2368f8c335ac4bc492572b7d29efe7753/fsteeg}
}

@misc{BirdEtAl2000,
  author = {Steven Bird and David Day and John Garofolo and John Henderson and Christophe Laprun and Mark Liberman},
  interhash = {5005dfa56977c345ccc6f7fcfe1195af},
  intrahash = {3c3a26a7c8e1eabeb8154c3d25005086},
  note = {cite arxiv:cs/0007022
Comment: 8 pages, 9 figures},
  title = {ATLAS: A flexible and extensible architecture for linguistic annotation},
  url = {http://arxiv.org/abs/cs/0007022},
  year = 2000,
  keywords = {atlas diss text-mining},
  added-at = {2010-11-09T15:06:42.000+0100},
  description = {[cs/0007022] ATLAS: A flexible and extensible architecture for linguistic annotation},
  biburl = {http://www.bibsonomy.org/bibtex/23c3a26a7c8e1eabeb8154c3d25005086/fsteeg}
}

@article{Harman1992,
  author = {Donna Harman},
  interhash = {82c8ce4b28225f3fdfc661a487fad548},
  intrahash = {aa60a6a36dae88a07ac2f21edda04121},
  journal = {SIGIR Forum},
  pages = {26-28},
  title = {The DARPA TIPSTER Project},
  year = 1992,
  keywords = {diss sale text-mining},
  added-at = {2010-11-09T14:53:45.000+0100},
  biburl = {http://www.bibsonomy.org/bibtex/2aa60a6a36dae88a07ac2f21edda04121/fsteeg}
}

@inproceedings{Corkill2003,
  address = {New York, New York},
  author = {Daniel D Corkill},
  booktitle = {Proceedings of the International Lisp Conference},
  interhash = {2e3ad85e404b3d9a3bc63a60dc0388cf},
  intrahash = {674acd8745f97a01e89d4eefe3a0468e},
  title = {Collaborating Software: Blackboard and Multi-Agent Systems and the Future},
  url = {http://mas.cs.umass.edu/paper/265},
  year = 2003,
  keywords = {balckboard sale text-mining},
  added-at = {2010-11-09T03:17:09.000+0100},
  description = {Publication - Collaborating Software: Blackboard and Multi-Agent Systems & the Future},
  biburl = {http://www.bibsonomy.org/bibtex/2674acd8745f97a01e89d4eefe3a0468e/fsteeg},
  month = {October}
}

@article{Schmidt2009,
  author = {Georg Schmidt},
  interhash = {26d9d944873c9f2e969174d2aac4a9e5},
  intrahash = {454fbafe629096808aa1b08e96d9e03a},
  journal = {Eclipse-Magazin},
  title = {Semantic Web f"ur Unternehmen},
  url = {http://www.jessen-pr.de/publicupload/eclipse-magazin_smila_2-2009.pdf},
  volume = {2.09},
  year = 2009,
  keywords = {diss eclipse text-mining},
  added-at = {2010-11-09T01:17:29.000+0100},
  biburl = {http://www.bibsonomy.org/bibtex/2454fbafe629096808aa1b08e96d9e03a/fsteeg}
}

@misc{Feldman2004,
  author = {Susan Feldman},
  day = 1,
  howpublished = {electronic magazine},
  institution = {www.idc.com},
  interhash = {2ec5a844205e788d1edba480963f6e53},
  intrahash = {b81f51093f7cb8452ce6710258c5f321},
  journal = {www.kmworld.com},
  title = {The high cost of not finding information},
  url = {http://www.kmworld.com/Articles/Editorial/Feature/The-high-cost-of-not-finding-information-9534.aspx},
  year = 2004,
  keywords = {diss text-mining},
  added-at = {2010-11-09T01:06:27.000+0100},
  posted-at = {2010-04-23 20:03:17},
  description = {CiteULike: The high cost of not finding information},
  priority = {2},
  biburl = {http://www.bibsonomy.org/bibtex/2b81f51093f7cb8452ce6710258c5f321/fsteeg},
  citeulike-article-id = {7072867},
  citeulike-linkout-1 = {http://www.kmworld.com/Articles/Editorial/Feature/The-high-cost-of-not-finding-information-9534.aspx},
  citeulike-linkout-0 = {http://portal.sp4u2.com/Shared\%20Documents/KMWorld-SP-The\%20Cost\%20of\%20not\%20finding\%20information.pdf},
  month = {March}
}

@book{Thaller2009,
  address = {Hamburg},
  editor = {Manfred Thaller},
  interhash = {593a0ea6454bd40fd5ebb282c8f7a29b},
  intrahash = {f4c217e00dc5af36f34f06d9c629acd2},
  number = 3,
  publisher = {Verlag Dr. Kovač},
  series = {Kölner Beiträge zu einer geisteswissenschaftlichen Fachinformatik},
  title = {The eXtensible Characterisation Languages - XCL},
  year = 2009,
  keywords = {diss planets xcl},
  added-at = {2010-02-08T12:20:38.000+0100},
  biburl = {http://www.bibsonomy.org/bibtex/2f4c217e00dc5af36f34f06d9c629acd2/fsteeg}
}

@book{McConnell2004,
  address = {Redmond, WA, USA},
  author = {Steve McConnell},
  interhash = {fe6d817ee9cfa35671bd5bb695ba7726},
  intrahash = {fa928f6b009b463af0141b4cbd7d9c9b},
  publisher = {Microsoft Press},
  title = {Code Complete, Second Edition},
  url = {http://portal.acm.org/citation.cfm?id=1096143},
  year = 2004,
  keywords = {programming},
  added-at = {2009-10-05T13:43:07.000+0200},
  description = {Code Complete, Second Edition},
  isbn = {0735619670},
  biburl = {http://www.bibsonomy.org/bibtex/2fa928f6b009b463af0141b4cbd7d9c9b/fsteeg},
  abstract = {<table style="margin-left: 18px"><div class="abstract">Take a strategic approach to software construction-and produce superior products-with this fully updated edition of Steve McConnell's critically praised and award-winning guide to software development best practices.
}
}

@inproceedings{SchmidtEtAl2009,
  address = {San Francisco},
  author = {Rainer Schmidt and Ross King and Andrew N. Jackson and Carl Wilson and Fabian Steeg and Peter Melms},
  booktitle = {Proceedings of The Sixth International Conference on Preservation of Digital Objects (iPRES)},
  interhash = {56cf366d4d538ca157a45d1ba7164c2e},
  intrahash = {6547ed97e487258861ce92b7e1b19974},
  publisher = {California Digital Library},
  title = {A Programming Model and Framework for Distributed Preservation Workflows},
  year = 2009,
  keywords = {planets},
  added-at = {2009-10-05T13:30:05.000+0200},
  biburl = {http://www.bibsonomy.org/bibtex/26547ed97e487258861ce92b7e1b19974/fsteeg}
}

@inproceedings{RossEtAl2009,
  address = {Berlin, Heidelberg},
  author = {Ross King and Rainer Schmidt and Andrew Jackson and Carl Wilson and Fabian Steeg},
  booktitle = {Research and Advanced Technology for Digital Libraries},
  interhash = {da8e28f9118faebbf1f3cd63d8d0a5d4},
  intrahash = {3f96d1d6d17b49ad66f1400460a8d966},
  pages = {425--428},
  publisher = {Springer},
  series = {Lecture Notes in Computer Science},
  title = {The Planets Interoperability Framework: An Infrastructure for Digital Preservation Actions},
  url = {http://dx.doi.org/10.1007/978-3-642-04346-8_50},
  volume = {5714/2009},
  year = 2009,
  keywords = {planets},
  added-at = {2009-10-05T13:19:58.000+0200},
  biburl = {http://www.bibsonomy.org/bibtex/23f96d1d6d17b49ad66f1400460a8d966/fsteeg},
  abstract = {We report on the implementation of a software infrastructure for preservation actions, carried out in the context of the European
Integrated Project Planets – the Planets Interoperability Framework (IF). The design of the framework was driven by the requirements of logical preservation in the domain of libraries and archives.The IF is a Java-based software suite built on a number of open source components and Java standards. Specific features ofinterest are a web service architecture including specified preservation service interfaces for the integration of new andexisting preservation tools and a workflow engine for the execution of service-based preservation plans.}
}

@incollection{SteegEtAl2009,
  address = {Hamburg},
  author = {Fabian Steeg and Peter Melms and Johanna Puhl},
  booktitle = {The eXtensible Characterisation Languages – XCL},
  editor = {Manfred Thaller},
  interhash = {dccc6bfccc8b5b565043f980cdc625a0},
  intrahash = {054a6698ed77d7a6999348b8f004b143},
  number = 3,
  pages = {203-222},
  publisher = {Verlag Dr. Kovač},
  series = {Kölner Beiträge zu einer geisteswissenschaftlichen Fachinformatik},
  title = {XCL in Planets},
  year = 2009,
  keywords = {planets xcl},
  added-at = {2009-10-05T10:53:39.000+0200},
  biburl = {http://www.bibsonomy.org/bibtex/2054a6698ed77d7a6999348b8f004b143/fsteeg}
}

@book{OderskyEtAl2008,
  author = {Martin Odersky and Lex Spoon and Bill Venners},
  interhash = {91da25f2066d5a816d5220f7fc39807e},
  intrahash = {c89fcf310595c0c15c1031608d322de1},
  publisher = {Artima},
  title = {Programming in Scala},
  url = {http://www.artima.com/shop/programming_in_scala},
  year = 2008,
  keywords = {diss functional programming scala},
  added-at = {2009-01-19T00:11:15.000+0100},
  biburl = {http://www.bibsonomy.org/bibtex/2c89fcf310595c0c15c1031608d322de1/fsteeg}
}

@article{Kay2004,
  author = {Martin Kay},
  interhash = {7caa315a4ff632f4103652b89151c512},
  intrahash = {bc618401d08d1b1ecfeee680cd5f0c84},
  journal = {Computational Linguistics and Intelligent Text Processing},
  pages = {275--282},
  title = {Substring Alignment Using Suffix Trees},
  url = {http://www.springerlink.com/content/8t37g0048ud0w271},
  year = 2004,
  keywords = {suffix-trees},
  added-at = {2008-11-26T02:47:14.000+0100},
  description = {SpringerLink - Buchkapitel},
  biburl = {http://www.bibsonomy.org/bibtex/2bc618401d08d1b1ecfeee680cd5f0c84/fsteeg},
  abstract = {Alignment of the sentences of an original text and a translation is considerably better understood than alignment of smaller units such as words and phrases. This paper makes some preliminary proposals for solving the problem of aligning substrings that should be treated as basic translation unites even though they may not begin and end at word boundaries. The proposals make crucial use of suffix trees as a way of identifying repeated substrings of the texts that occur significantly often.
ER  -}
}

@book{Bloch2008,
  author = {Joshua Bloch},
  edition = {Second},
  howpublished = {Paperback},
  interhash = {85d3b726ee718020a7df20db97660c80},
  intrahash = {d4fd323f33056430c73ada0203eb38ec},
  publisher = {Addison-Wesley},
  title = {Effective Java},
  year = 2008,
  keywords = {java},
  added-at = {2008-07-19T01:53:26.000+0200},
  isbn = {0321356683},
  biburl = {http://www.bibsonomy.org/bibtex/2d4fd323f33056430c73ada0203eb38ec/fsteeg}
}

@article{Pedersen2008,
  author = {Ted Pedersen},
  interhash = {0bbd7800d7590387c63c598542115def},
  intrahash = {d0bb23c0c2a51c352a5e445f94846ff7},
  title = {Computational Approaches to Measuring the Similarity of Short Contexts: A Review of Applications and Methods },
  year = {2008 },
  journal   = {CoRR},
  volume    = {abs/0806.3787},
  keywords = {semantics wsd},
  added-at = {2008-06-25T14:11:28.000+0200},
  description = {[0806.3787] Computational Approaches to Measuring the Similarity of Short Contexts: A Review of Applications and Methods},
  biburl = {http://www.bibsonomy.org/bibtex/2d0bb23c0c2a51c352a5e445f94846ff7/fsteeg},
  abstract = {Measuring the similarity of short written contexts is a fundamental problem in Natural Language Processing. This article provides a unifying framework by which short context problems can be categorized both by their intended application and proposed solution. The goal is to show that various problems and methodologies that appear quite different on the surface are in fact very closely related. The axes by which these categorizations are made include the format of the contexts (headed versus headless), the way in which the contexts are to be measured (first-order versus second-order similarity), and the information used to represent the features in the contexts (micro versus macro views). The unifying thread that binds together many short context applications and methods is the fact that similarity decisions must be made between contexts that share few (if any) words in common. }
}

@book{Wittgenstein1953,
  address = {Frankfurt a. M.},
  author = {Ludwig Wittgenstein},
  interhash = {1dbbc970a978695486a3bcb4e76576fc},
  intrahash = {51cdb32e9cd58d966faa101c7183e5c9},
  publisher = {Suhrkamp},
  series = {Bibliothek Suhrkamp},
  title = {Philosophische Untersuchungen - Auf Grundlage der Kritisch-genetischen Edition, neu herausgegeben von Joachim Schulte, 2003},
  url = {http://www.amazon.fr/exec/obidos/redirect?tag=citeulike06-21{\&}path=ASIN/3518223720},
  volume = 1372,
  year = 1953,
  keywords = {semantics wsd},
  added-at = {2008-06-25T01:35:18.000+0200},
  priority = {3},
  isbn = {3518223720},
  biburl = {http://www.bibsonomy.org/bibtex/251cdb32e9cd58d966faa101c7183e5c9/fsteeg},
  citeulike-article-id = {1561520},
  month = {September}
}

@article{MasseEtAl2008,
  author = {A. Blondin Masse and G. Chicoisne and Y. Gargouri and S. Harnad and O. Picard and O. Marcotte},
  interhash = {0a41876e666cfd8fde94119ce2c45484},
  intrahash = {39f61f164449a4ac4a9850b83695895b},
  journal = {CoRR},
  volume = {abs/0806.3710},
  title = {How Is Meaning Grounded in Dictionary Definitions? },
  year = {2008 },
  keywords = {semantics wsd},
  added-at = {2008-06-24T10:44:11.000+0200},
  description = {How Is Meaning Grounded in Dictionary Definitions?},
  biburl = {http://www.bibsonomy.org/bibtex/239f61f164449a4ac4a9850b83695895b/fsteeg},
  abstract = {Meaning cannot be based on dictionary definitions all the way down: at some point the circularity of definitions must be broken in some way, by grounding the meanings of certain words in sensorimotor categories learned from experience or shaped by evolution. This is the "symbol grounding problem." We introduce the concept of a reachable set -- a larger vocabulary whose meanings can be learned from a smaller vocabulary through definition alone, as long as the meanings of the smaller vocabulary are themselves already grounded. We provide simple algorithms to compute reachable sets for any given dictionary. }
}

@misc{SteegEtAl2008,
  author = {Fabian Steeg and Christoph Benden and Paul O. Samuelsdorff},
  howpublished = {arXiv:0805.3366 [cs.CL]},
  interhash = {6d6d813bbcb6ccfa4decf78bea8c2270},
  intrahash = {3c419ad960b4badf7a39ad1b564f0244},
  title = {Computational Representation of Linguistic Structures using Domain-Specific Languages },
  url = {http://arxiv.org/abs/0805.3366},
  year = {2008 },
  keywords = {dsl fg},
  added-at = {2008-05-23T20:50:21.000+0200},
  biburl = {http://www.bibsonomy.org/bibtex/23c419ad960b4badf7a39ad1b564f0244/fsteeg}
}

@article{Connolly1986,
  author = {John H. Connolly},
  interhash = {170dd4568e41ab7216036efeee6a870b},
  intrahash = {7b223e3b7ad875a5bae25373e6583ef5},
  journal = {International Journal of Man-Machine Studies},
  number = 6,
  pages = {623-632},
  title = {Testing Functional Grammar placement rules using PROLOG},
  volume = 24,
  year = 1986,
  keywords = {fg prolog},
  added-at = {2008-05-21T23:07:18.000+0200},
  biburl = {http://www.bibsonomy.org/bibtex/27b223e3b7ad875a5bae25373e6583ef5/fsteeg}
}

@article{Wirth1977,
  address = {New York, NY, USA},
  author = {Niklaus Wirth},
  interhash = {c7c984c9e788990d30f020d00f74e140},
  intrahash = {f6b9ac839af5ba5c67f8ef8c380310ec},
  journal = {Commun. ACM},
  number = 11,
  pages = {822--823},
  publisher = {ACM},
  title = {What can we do about the unnecessary diversity of notation for syntactic definitions?},
  url = {http://portal.acm.org/citation.cfm?doid=359863.359883#},
  volume = 20,
  year = 1977,
  keywords = {ebnf},
  added-at = {2008-05-12T00:59:44.000+0200},
  issn = {0001-0782},
  description = {What can we do about the unnecessary diversity of notation for syntactic definitions?},
  biburl = {http://www.bibsonomy.org/bibtex/2f6b9ac839af5ba5c67f8ef8c380310ec/fsteeg},
  doi = {http://doi.acm.org/10.1145/359863.359883},
  abstract = {The population of programming languages is steadily growing, and there is no end of this growth in sight. Many language definitions appear in journals, many are found in technical reports, and perhaps an even greater number remains confined to proprietory circles. After frequent exposure to these definitions, one cannot fail to notice the lack of “common denominators.” The only widely accepted fact is that the language structure is defined by a syntax. But even notation for syntactic description eludes any commonly agreed standard form, although the underlying ancestor is invariably the Backus-Naur Form of the Algol 60 report. As variations are often only slight, they become annoying for their very lack of an apparent motivation.}
}

@article{Eckerson1995,
  author = {Wayne W. Eckerson},
  interhash = {0f89af2f8c9c7842da0bad866f9c9776},
  intrahash = {4756a3adba692c588c63a994807a9ca2},
  journal = {Open Information Systems},
  number = 1,
  title = {Three Tier Client/Server Architecture: Achieving Scalability, Performance, and Efficiency in Client Server Applications.},
  volume = 10,
  year = 1995,
  keywords = {three-tier},
  added-at = {2008-05-12T00:43:28.000+0200},
  biburl = {http://www.bibsonomy.org/bibtex/24756a3adba692c588c63a994807a9ca2/fsteeg}
}

@misc{Ward2003,
  author = {Martin Ward},
  howpublished = {Science Labs Durham},
  interhash = {8a973e2c86e2f31e731b4189f3827642},
  intrahash = {54e11aa13a24af24ca1b2647be6fbdc2},
  title = {Language Oriented Programming},
  year = 2003,
  keywords = {dsl metaprogramming programming},
  added-at = {2008-05-11T22:52:06.000+0200},
  biburl = {http://www.bibsonomy.org/bibtex/254e11aa13a24af24ca1b2647be6fbdc2/fsteeg}
}

@misc{VanStaden2006,
  author = {Miriam van Staden},
  howpublished = {Poster presented at the Eleventh Biennial Symposium: Intertheoretical Approaches to Complex Verb Constructions. Houston: Rice University.},
  interhash = {ec2ce52e83de5a2d0203e4ee8cd4a338},
  intrahash = {84d1fc25da720fc5521d0fb2b2fe84c7},
  title = {Papuan narratives in Functional Discourse Grammar},
  year = 2006,
  keywords = {fdg linguistics svc},
  added-at = {2008-05-07T18:07:23.000+0200},
  priority = {0},
  biburl = {http://www.bibsonomy.org/bibtex/284d1fc25da720fc5521d0fb2b2fe84c7/fsteeg},
  citeulike-article-id = {842444}
}

@book{Brooks1995,
  author = {Frederick P. Brooks},
  howpublished = {Paperback},
  interhash = {5a23e1e05a6bae2218974d33dfb238bd},
  intrahash = {6773247a94d341d9f2707064ca909798},
  publisher = {Addison-Wesley Professional},
  title = {The Mythical Man-Month: Essays on Software Engineering, 20th Anniversary Edition},
  url = {http://www.amazon.ca/exec/obidos/redirect?tag=citeulike09-20{\&}path=ASIN/0201835959},
  year = 1995,
  keywords = {intelligent-systems programming},
  added-at = {2008-04-13T22:59:41.000+0200},
  priority = {2},
  isbn = {0201835959},
  biburl = {http://www.bibsonomy.org/bibtex/26773247a94d341d9f2707064ca909798/fsteeg},
  citeulike-article-id = {126678},
  month = {August},
  abstract = {<I>The</I> classic book on the human elements of software engineering. Software tools and development environments may have changed in the 21 years since the first edition of this book, but the peculiarly nonlinear economies of scale in collaborative work and the nature of individuals and groups has not changed an epsilon. If you write code or depend upon those who do, get this book as soon as possible -- from Amazon.com Books, your library, or anyone else. You (and/or your colleagues) will be forever grateful. Very Highest Recommendation.}
}

@book{WeissEtAl2004,
  author = {Sholom M. Weiss and Nitin Indurkhya and T. Zhang},
  interhash = {d75b9da07cf40d54a79e6d8995f78a31},
  intrahash = {6ac07561b543e6033fd4c9811d0dccad},
  publisher = {Springer, Berlin},
  title = {Text Mining. Predictive Methods for Analyzing Unstructured Information},
  year = 2004,
  ean = {9780387954332},
  keywords = {diss ir nlp text-mining},
  added-at = {2008-04-13T22:56:44.000+0200},
  asin = {0387954333},
  isbn = {0387954333},
  biburl = {http://www.bibsonomy.org/bibtex/26ac07561b543e6033fd4c9811d0dccad/fsteeg},
  dewey = {006.312}
}

@book{RussellAndNorvig2003,
  address = {Upper Saddle River},
  author = {Stuart Jonathan Russell and Peter Norvig},
  edition = {2nd},
  interhash = {240d872993e7cc547f992e6bdde132ec},
  intrahash = {14c181d39333cf6bd44f4a5f5461cb7a},
  publisher = {Prentice Hall},
  series = {Prentice Hall series in artificial intelligence},
  title = {Artificial Intelligence: A Modern Approach},
  year = 2003,
  keywords = {diss},
  added-at = {2008-04-13T22:55:44.000+0200},
  isbn = {0130803022},
  biburl = {http://www.bibsonomy.org/bibtex/214c181d39333cf6bd44f4a5f5461cb7a/fsteeg},
  abstract = {Includes bibliographical references (p. 987 - 1043) and index}
}

@inproceedings{PapineniEtAl2002,
  author = {Kishore Papineni and Salim Roukos and Todd Ward and Wei-Jing Zhu},
  booktitle = {Computational Linguistics (ACL), Proceedings of the 40th Annual Meeting of the Association for Computational Linguistics (ACL), Philadelphia},
  interhash = {307a48f8126bdebdbb445d6d187c2564},
  intrahash = {2209eaf729c60d9b61ac4ded80fb674d},
  pages = {311-318},
  title = {Bleu: a Method for Automatic Evaluation of Machine Translation},
  year = 2002,
  keywords = {diss evaluation},
  added-at = {2008-04-13T22:54:57.000+0200},
  biburl = {http://www.bibsonomy.org/bibtex/22209eaf729c60d9b61ac4ded80fb674d/fsteeg}
}

@book{Zhang2007,
  author = {Jin Zhang},
  interhash = {575a3feee110fcad490ccb1150f8d5e8},
  intrahash = {635e5681079967231d660020ae751436},
  publisher = {Springer, Berlin},
  title = {Visualization for Information Retrieval},
  year = 2007,
  ean = {9783540751472},
  keywords = {diss ir nlp text-mining},
  added-at = {2008-04-13T19:54:24.000+0200},
  asin = {3540751475},
  isbn = {3540751475},
  biburl = {http://www.bibsonomy.org/bibtex/2635e5681079967231d660020ae751436/fsteeg},
  dewey = {006.6}
}

@inproceedings{Labov1996,
  address = {Chicago},
  author = {William Labov},
  booktitle = {Papers from the Parasession on Theory and Data in Linguistics},
  editor = {Lisa McNair},
  interhash = {cf148e05138f33684b12977aeaca705c},
  intrahash = {882f7a744300fad673998941b89d4504},
  publisher = {University of Chicago},
  series = {CLS 32},
  title = {When Intuitions Fail},
  year = 1996,
  keywords = {corpus-linguistics linguistics},
  added-at = {2008-04-12T20:13:56.000+0200},
  priority = {0},
  biburl = {http://www.bibsonomy.org/bibtex/2882f7a744300fad673998941b89d4504/fsteeg},
  citeulike-article-id = {1575386}
}

@book{KaoAndPoteet2006,
  author = {Anne Kao and Steve R. Poteet},
  interhash = {18b95ab1899d66ecc2d07e2130ab3994},
  intrahash = {ab78c18261b44eb9b301b8e4bf73d16d},
  publisher = {Springer, Berlin},
  title = {Natural Language Processing and Text Mining},
  year = 2006,
  ean = {9781846281754},
  keywords = {diss ir nlp text-mining},
  added-at = {2008-04-12T20:11:21.000+0200},
  asin = {184628175X},
  isbn = {184628175X},
  biburl = {http://www.bibsonomy.org/bibtex/2ab78c18261b44eb9b301b8e4bf73d16d/fsteeg},
  dewey = {006.312}
}

@book{HeyerEtAl2006,
  author = {Gerhard Heyer and Uwe Quasthoff and Thomas Wittig},
  interhash = {7fcf29f5ee170ba57dc216547bc4976d},
  intrahash = {41697bc55b98ef8bf83900c92d2b634e},
  publisher = {W3l},
  title = {Text Mining: Wissensrohstoff Text. Konzepte, Algorithmen, Ergebnisse},
  year = 2006,
  ean = {9783937137308},
  keywords = {diss nlp},
  added-at = {2008-04-12T20:09:19.000+0200},
  asin = {3937137300},
  description = {Text Mining: Wissensrohstoff Text. Konzepte, Algorithmen, Ergebnisse},
  isbn = {3937137300},
  biburl = {http://www.bibsonomy.org/bibtex/241697bc55b98ef8bf83900c92d2b634e/fsteeg}
}

@inproceedings{YuEtAl2008,
  author = {Lean Yu and Shouyang Wang and Lai Kin Keung},
  booktitle = {Emerging Technologies of Text Mining: Techniques and Applications},
  editor = {Hercules Antonio do Prado and Edilson Ferneda},
  interhash = {18bfd274b4d8c17619495af1447a5b64},
  intrahash = {c95740c8571970f424340a9638e0bfdc},
  pages = {162--183},
  publisher = {Information Science Reference},
  title = {A Multi-Agent Neural Network System for Web Text Mining},
  year = 2008,
  keywords = {agents diss nlp text-mining},
  added-at = {2008-04-12T15:13:46.000+0200},
  biburl = {http://www.bibsonomy.org/bibtex/2c95740c8571970f424340a9638e0bfdc/fsteeg}
}

@book{Lin2007,
  author = {Hong Lin},
  interhash = {f2f82013907756cff2db5dcd663fa60e},
  intrahash = {8108f1a43c2a61ff07e204c3d25e59b1},
  publisher = {Information Science Reference},
  title = {Architectural Design of Multi-Agent Systems: Technologies and Techniques},
  year = 2007,
  ean = {9781599041087},
  keywords = {agents ai diss mas},
  added-at = {2008-04-12T03:54:22.000+0200},
  asin = {1599041081},
  isbn = {1599041081},
  biburl = {http://www.bibsonomy.org/bibtex/28108f1a43c2a61ff07e204c3d25e59b1/fsteeg},
  dewey = {006.3}
}

@book{Wagner2004,
  editor = {Thomas A. Wagner},
  interhash = {8b42c82f0800382bf96bd82b6ca74425},
  intrahash = {ab38ed7b78f0aa5b051f4c905b1229a1},
  publisher = {Springer},
  series = {Multiagent Systems, Artificial Societies, and Simulated Organizations},
  title = {An Application Science for Multi-Agent Systems},
  year = 2004,
  ean = {9781402078675},
  keywords = {agents ai diss mas},
  added-at = {2008-04-12T03:49:59.000+0200},
  asin = {1402078676},
  isbn = {1402078676},
  biburl = {http://www.bibsonomy.org/bibtex/2ab38ed7b78f0aa5b051f4c905b1229a1/fsteeg},
  dewey = {006.3}
}

@book{Dominich2008,
  author = {Sándor Dominich},
  edition = 1,
  interhash = {f5c3824594ab183c84c5678596f53fd5},
  intrahash = {aeaa2441a9973d6a188272f7b90d66cb},
  publisher = {Springer Berlin},
  title = {The Modern Algebra of Information Retrieval},
  year = 2008,
  ean = {9783540776581},
  keywords = {diss ir nlp},
  added-at = {2008-04-12T03:40:55.000+0200},
  asin = {3540776583},
  isbn = {3540776583},
  biburl = {http://www.bibsonomy.org/bibtex/2aeaa2441a9973d6a188272f7b90d66cb/fsteeg},
  dewey = {005}
}

@book{Zenasi2007,
  author = {A. Zenasi},
  interhash = {e3d7587d4471cd2900e4207811fc4122},
  intrahash = {241a9b2364ec393652a72617a16c3cf8},
  publisher = {WIT Press},
  series = {Advances in Management Information},
  title = {Text Mining and its Applications to Intelligence, CRM and Knowledge Management},
  year = 2007,
  ean = {9781845641313},
  keywords = {bi diss ir nlp text-mining},
  added-at = {2008-04-12T03:36:38.000+0200},
  asin = {1845641310},
  isbn = {1845641310},
  biburl = {http://www.bibsonomy.org/bibtex/2241a9b2364ec393652a72617a16c3cf8/fsteeg},
  dewey = {005}
}

@book{Miller2004,
  author = {Thomas W. Miller},
  interhash = {8ebb09d7bc3b267e2a44521cf7fec3c7},
  intrahash = {810ee69228906a937eeb48afd468bce9},
  publisher = {Prentice-Hall},
  title = {Data and Text Mining: A Business Applications Approach},
  year = 2004,
  ean = {9780131400856},
  keywords = {bi diss ir nlp text-mining},
  added-at = {2008-04-12T03:36:04.000+0200},
  asin = {0131400851},
  isbn = {0131400851},
  biburl = {http://www.bibsonomy.org/bibtex/2810ee69228906a937eeb48afd468bce9/fsteeg},
  dewey = {380}
}

@book{PradoAndFerneda2008,
  editor = {Hercules Antonio do Prado and Edilson Ferneda},
  interhash = {b804a27732aa0f61db5d94b50075508a},
  intrahash = {0d9598f3046b87ac2453614ada8f16c2},
  publisher = {Information Science Reference},
  title = {Emerging Technologies of Text Mining: Techniques and Applications},
  year = 2008,
  ean = {9781599043739},
  keywords = {dirr ir nlp text-mining},
  added-at = {2008-04-12T03:16:29.000+0200},
  asin = {1599043734},
  isbn = {1599043734},
  biburl = {http://www.bibsonomy.org/bibtex/20d9598f3046b87ac2453614ada8f16c2/fsteeg},
  dewey = {005}
}

@book{FeldmanAndSanger2006,
  author = {Ronen Feldman and James Sanger},
  interhash = {387b16a246eec3da7d8f572823de53fd},
  intrahash = {bb59d7ad7cc251c5269a3162eeeedac2},
  publisher = {Cambridge University Press},
  title = {The Text Mining Handbook: Advanced Approaches in Analyzing Unstructured Data},
  year = 2006,
  ean = {9780521836579},
  keywords = {diss nlp},
  added-at = {2008-04-12T02:58:32.000+0200},
  asin = {0521836573},
  description = {Amazon.de: The Text Mining Handbook: Advanced Approaches in Analyzing Unstructured Data: Ronen Feldman,James Sanger: English Books},
  isbn = {0521836573},
  biburl = {http://www.bibsonomy.org/bibtex/2bb59d7ad7cc251c5269a3162eeeedac2/fsteeg},
  dewey = {005.74}
}

@book{JurafskyAndMartin2008,
  address = {Englewood Cliffs, NJ},
  author = {Dan Jurafsky and James H. Martin},
  edition = {2nd},
  interhash = {0d79eb1e9f521540b522a0c9ceb594b8},
  intrahash = {e139dac87e68f76b32083998fc274d26},
  publisher = {Prentice Hall},
  title = {Speech and Language Processing: {A}n Introduction to Natural
Language Processing, Computational Linguistics and Speech
Recognition},
  year = 2008,
  keywords = {diss nlp},
  added-at = {2008-04-12T02:35:01.000+0200},
  biburl = {http://www.bibsonomy.org/bibtex/2e139dac87e68f76b32083998fc274d26/fsteeg}
}

@book{BaezaYatesAndRibeiroNeto1999,
  address = {Harlow},
  author = {Ricardo Baeza-Yates and Berthier Ribeiro-Neto},
  interhash = {6f78177742b3c836218aacfc7fc4c43c},
  intrahash = {44c565c8a5662b2c494c3aa951c9d4a9},
  publisher = {Addison Wesley},
  title = {Modern Information Retrieval},
  year = 1999,
  keywords = {diss ir nlp},
  added-at = {2008-04-12T02:28:39.000+0200},
  biburl = {http://www.bibsonomy.org/bibtex/244c565c8a5662b2c494c3aa951c9d4a9/fsteeg}
}

@inproceedings{VanZaanenAndZwarts2006,
  address = {Berlin Heidelberg, Germany},
  author = {Menno van Zaanen and Simon Zwarts},
  booktitle = {{AI} 2006: Advances in Artificial Intelligence},
  crossref = {AJCAI06},
  editor = {Abdul Sattar and Byeong Ho Kang},
  interhash = {872b815ac2ced675b6cfe9d29588f451},
  intrahash = {74ffaba23f87c580bbaef165c5c43943},
  pages = {1208--1214},
  publisher = {Springer-Verlag},
  series = {Lecture Notes in Computer Science},
  title = {Unsupervised Measurement of Translation Quality Using Multi-engine, Bi-directional Translation},
  volume = 4304,
  year = 2006,
  keywords = {evaluation},
  added-at = {2008-04-08T22:43:04.000+0200},
  biburl = {http://www.bibsonomy.org/bibtex/274ffaba23f87c580bbaef165c5c43943/fsteeg},
  month = {December}
}

@proceedings{AJCAI06,
  address = {Berlin Heidelberg, Germany},
  booktitle = {{AI} 2006: Advances in Artificial Intelligence},
  editor = {Abdul Sattar and Byeong Ho Kang},
  interhash = {49ee60dc88ac09ef966fb9e70262b81d},
  intrahash = {155c4e5780da89095b0a79ee896e0b69},
  publisher = {Springer-Verlag},
  series = {Lecture Notes in Computer Science},
  title = {{AI} 2006: Advances in Artificial Intelligence},
  volume = 4304,
  year = 2006,
  keywords = {evaluation},
  added-at = {2008-04-08T22:41:51.000+0200},
  biburl = {http://www.bibsonomy.org/bibtex/2155c4e5780da89095b0a79ee896e0b69/fsteeg},
  month = {December}
}

@article{Wirth1971,
  author = {Niklaus Wirth},
  interhash = {d780c93ea575c65542b532d3e42306ab},
  intrahash = {7c4e331d2671794f88281c675115c3c2},
  journal = {Acta Informatica},
  pages = {35-63},
  title = {The Programming Language Pascal},
  volume = 1,
  year = 1971,
  keywords = {programming},
  added-at = {2008-04-08T22:15:10.000+0200},
  biburl = {http://www.bibsonomy.org/bibtex/27c4e331d2671794f88281c675115c3c2/fsteeg}
}

@article{Dijkstra1968,
  author = {Edsger W. Dijkstra},
  interhash = {4abbcac513c9bf7c45cc4dbeffa4af47},
  intrahash = {d18d4efe9f18ee838c48f00bdfc1a447},
  journal = {Comm. ACM},
  note = {letter to the Editor},
  number = 3,
  pages = {147--148},
  title = {Go {T}o statement considered harmful},
  volume = 11,
  year = 1968,
  keywords = {imported},
  added-at = {2008-04-08T21:54:40.000+0200},
  description = {E.W. Dijkstra Archive: BibTeX Index},
  biburl = {http://www.bibsonomy.org/bibtex/2d18d4efe9f18ee838c48f00bdfc1a447/fsteeg}
}

@book{DahlEtAl1972,
  address = {London},
  author = {Ole-Johan Dahl and Edsger Wybe Dijkstra and Tony Hoare},
  interhash = {1076a223ad8e54cae3bb9e5c0d162b22},
  intrahash = {7f9018be85a7a67fead6d86961c58206},
  publisher = {Academic Press},
  title = {Structured Programming},
  year = 1972,
  keywords = {programming},
  added-at = {2008-04-08T21:50:57.000+0200},
  biburl = {http://www.bibsonomy.org/bibtex/27f9018be85a7a67fead6d86961c58206/fsteeg}
}

@article{BirdAndLiberman1999,
  author = {Steven Bird and Mark Liberman},
    title = {A Formal Framework for Linguistic Annotation},
    journal = {Speech Communication},
    year = {2000},
    volume = {33},
    pages = {23--60}
}

@inproceedings{CunninghamEtAl2002,
  author = {H. Cunningham and D. Maynard and K. Bontcheva and V. Tablan},
  booktitle = {Proceedings of the 40th Anniversary Meeting of the  Association for Computational Linguistics},
  interhash = {83a721f9dbabe6f90da89b849689e872},
  intrahash = {10e078af8de149761c28ff7d949e7a30},
  title = {GATE: A framework and graphical development environment for robust NLP tools and applications},
  year = 2002,
  keywords = {gate nlp sale},
  added-at = {2008-04-08T21:41:15.000+0200},
  biburl = {http://www.bibsonomy.org/bibtex/210e078af8de149761c28ff7d949e7a30/fsteeg}
}

@book{Harris1951,
  address = {Chicago},
  author = {Zellig Harris},
  interhash = {b60701a460cd587065156e5d43cba27c},
  intrahash = {bb103959900b2330ff7c09c57c895621},
  publisher = {University of Chicago Press},
  title = {Methods in Structural Linguistics},
  year = 1951,
  keywords = {diss linguistics},
  added-at = {2008-04-05T22:16:20.000+0200},
  biburl = {http://www.bibsonomy.org/bibtex/2bb103959900b2330ff7c09c57c895621/fsteeg}
}

@incollection{HirschmanAndMani2003,
  address = {Oxford},
  author = {Lynette Hirschman and Inderjeet Mani},
  booktitle = {The Oxford Handbook of Computational Linguistics},
  editor = {Ruslan Mitkov},
  interhash = {552e86a2bb6d6cf8e8c8d8683150e27d},
  intrahash = {fcbb06527b82d46edc2a585a14105dc2},
  pages = {414--429},
  publisher = {Oxford University Press},
  title = {Evaluation},
  year = 2003,
  keywords = {computational-linguistics diss evaluation magister},
  added-at = {2008-04-05T20:18:45.000+0200},
  priority = {5},
  biburl = {http://www.bibsonomy.org/bibtex/2fcbb06527b82d46edc2a585a14105dc2/fsteeg},
  citeulike-article-id = {1152729}
}

@inproceedings{Halpin2006,
  author = {Harry Halpin},
  booktitle = {Proceedings of Language Resources and Evaluation of Corpora Conference},
  interhash = {37c55fbe1afbd76390c73b7c0ff997e4},
  intrahash = {2e5edd38e6869b0be97f464bc9c5e3df},
  title = {Automatic Evaluation and Composition of NLP Pipelines with Web Services},
  year = 2006,
  keywords = {diss evaluation},
  added-at = {2008-04-05T19:25:41.000+0200},
  biburl = {http://www.bibsonomy.org/bibtex/22e5edd38e6869b0be97f464bc9c5e3df/fsteeg}
}

@techreport{PapineniEtAl2001,
  author = {Kishore Papineni and Salim Roukos and Todd Ward and Wei-Jing Zhu},
  institution = {IBM Research Report},
  interhash = {5da89e073f2d8f0dca1efa55afcaa164},
  intrahash = {c7cd9adfabd5319d648e0995d8d33149},
  title = {Bleu: a Method for Automatic Evaluation of Machine Translation},
  year = 2001,
  keywords = {diss evaluation},
  added-at = {2008-04-05T19:22:11.000+0200},
  biburl = {http://www.bibsonomy.org/bibtex/2c7cd9adfabd5319d648e0995d8d33149/fsteeg}
}

@inproceedings{BigertEtAl2003,
  author = {Johnny Bigert and Linus Ericson and Antoine Solis},
  booktitle = {Proceedings of Nodalida, Reykjavik, Iceland},
  interhash = {221c7fe875f5114da013e573ce0875d2},
  intrahash = {21329b24fe40d2846113534bf7fe099f},
  title = {AutoEval and Missplel: Two Generic Tools for Automatic Evaluation},
  year = 2003,
  keywords = {diss evaluation},
  added-at = {2008-04-05T19:15:38.000+0200},
  biburl = {http://www.bibsonomy.org/bibtex/221329b24fe40d2846113534bf7fe099f/fsteeg}
}

@inproceedings{Lin2004b,
  author = {Chin-Yew Lin},
  booktitle = {Proceedings of the NTCIR Workshop 4, Tokyo, Japan},
  interhash = {113f74ee7e0b38ae895bec9c89f7d33c},
  intrahash = {f4b267c92edc75ec2d53b33647d3229a},
  title = {Looking for a Few Good Metrics: Automatic Summarization Evaluation - How Many Samples Are Enough?},
  year = 2004,
  keywords = {diss evaluation},
  added-at = {2008-04-05T19:04:03.000+0200},
  biburl = {http://www.bibsonomy.org/bibtex/2f4b267c92edc75ec2d53b33647d3229a/fsteeg}
}

@inproceedings{Lin2004a,
  author = {Chin-Yew Lin},
  booktitle = {Proceedings of the Workshop on Text Summarization Branches Out (WAS 2004), Barcelona, Spain},
  interhash = {21c182e3172dd7e2be8d7aa530cb435d},
  intrahash = {d5e87aebed6aa8a12255afc6b3f20b1e},
  title = {ROUGE: a Package for Automatic Evaluation of Summaries},
  year = 2004,
  keywords = {diss evaluation},
  added-at = {2008-04-05T19:02:54.000+0200},
  biburl = {http://www.bibsonomy.org/bibtex/2d5e87aebed6aa8a12255afc6b3f20b1e/fsteeg}
}

@inproceedings{ThompsonAndMcKelvie1997,
  author = {Henry S. Thompson and David McKelvie},
  booktitle = {Proceedings of SGML Europe ’97: The next decade – Pushing the Envelope},
  interhash = {e224406ccb3bf6b94118d78fb6ff5959},
  intrahash = {55e24bacd5a3ccc8f1830f95b9862861},
  pages = {227–229},
  title = {Hyperlink semantics for standoff markup of read-only documents},
  year = 1997,
  keywords = {annotation},
  added-at = {2008-03-27T02:03:01.000+0100},
  biburl = {http://www.bibsonomy.org/bibtex/255e24bacd5a3ccc8f1830f95b9862861/fsteeg}
}

@article{AhlichEtAl2008,
  author = {Pascal Ahlich and Peter Friese and André Lahs and Holger Schill},
  interhash = {134c50583e053bd93dbd356653401ad7},
  intrahash = {4171135ee7fbe36523007a78de7b9c3c},
  journal = {Eclipse-Magazin},
  pages = {37-42},
  title = {Dynamische Erzeugung eines Generators für Modelldokumentationen},
  volume = 13,
  year = 2008,
  keywords = {documentation generators mdd},
  added-at = {2008-03-26T02:35:21.000+0100},
  biburl = {http://www.bibsonomy.org/bibtex/24171135ee7fbe36523007a78de7b9c3c/fsteeg}
}

@booklet{Vlassis2003,
  address = {Informatics Institute, University of Amsterdam},
  author = {Nikos Vlassis},
  interhash = {a392848287d57879e737f3bb7a31c50a},
  intrahash = {4f30a056ce10626266b2fb6b1239ebdb},
  title = {A Concise Introduction to Multiagent Systems and Distributed {AI}},
  url = {http://jmvidal.cse.sc.edu/library/vlassis03a.pdf},
  year = 2003,
  keywords = {multiagent},
  googleid = {lSV7G71ceUMJ:scholar.google.com/},
  added-at = {2008-03-26T02:01:37.000+0100},
  description = {A Concise Introduction to Multiagent Systems and Distributed AI},
  cluster = {4862019240002790805},
  biburl = {http://www.bibsonomy.org/bibtex/24f30a056ce10626266b2fb6b1239ebdb/fsteeg},
  month = {September},
  abstract = {An introductory text to Multiagent systems.}
}

@book{ManningEtAl2008,
  author = {Christopher D. Manning and Prabhakar Raghavan and Hinrich Schütze},
  interhash = {2e574e46b7668a7268e7f02b46f4d9bb},
  intrahash = {9f4ab13e07b48b9723113aa74224be65},
  publisher = {Cambridge University Press},
  title = {Introduction to Information Retrieval},
  year = 2008,
  keywords = {information-retrieval},
  added-at = {2008-03-26T01:59:27.000+0100},
  biburl = {http://www.bibsonomy.org/bibtex/29f4ab13e07b48b9723113aa74224be65/fsteeg}
}

@techreport{Newell1962,
  author = {Allen Newell},
  institution = {United States Air Force Project Rand},
  interhash = {819a6cda2b555979d4a9366ec9814aac},
  intrahash = {9a38875d6a5cedee4b3e5bef40845f5e},
  title = {Some Problems of Basic Organization in Problem-Solving Programs},
  year = 1962,
  keywords = {blackboard components},
  added-at = {2008-03-26T01:53:37.000+0100},
  biburl = {http://www.bibsonomy.org/bibtex/29a38875d6a5cedee4b3e5bef40845f5e/fsteeg}
}

@inproceedings{Selfridge1959,
  address = {London: HMSO},
  author = {Oliver G. Selfridge},
  booktitle = {Proceedings of the Symposium on the mechanisation of thought processes},
  interhash = {7716d2b331dcafa7a5ffc64586c30705},
  intrahash = {afe78174603c3e83c1320ccf13cd956d},
  title = {Pandaemonium: A paradigm for learning},
  year = 1959,
  keywords = {components diss},
  added-at = {2008-03-26T01:43:33.000+0100},
  biburl = {http://www.bibsonomy.org/bibtex/2afe78174603c3e83c1320ccf13cd956d/fsteeg}
}

@book{Knuth1992,
  author = {Donald E. Knuth},
  interhash = {46edde8d267eca724075d53a385419e5},
  intrahash = {cb129f5f1ad9c7078de695a6d537b67a},
  number = 27,
  publisher = {Stanford, California: Center for the Study of Language and Information},
  series = {CSLI Lecture Notes},
  title = {Literate Programming},
  year = 1992,
  keywords = {diss programming},
  added-at = {2008-03-26T01:16:24.000+0100},
  biburl = {http://www.bibsonomy.org/bibtex/2cb129f5f1ad9c7078de695a6d537b67a/fsteeg}
}

@inproceedings{Brooks1986,
  author = {Frederick P. Brooks},
  booktitle = {Proceedings of the IFIP Tenth World Computing Conference},
  editor = {H.-J. Kugler},
  interhash = {54c2eeefc2b198525d348ded03ee3b8f},
  intrahash = {e1cc55a233460ca91b67d6ad62b5027e},
  pages = {1069-1076},
  title = {No Silver Bullet},
  year = 1986,
  keywords = {development},
  added-at = {2008-03-26T01:05:48.000+0100},
  biburl = {http://www.bibsonomy.org/bibtex/2e1cc55a233460ca91b67d6ad62b5027e/fsteeg}
}

@article{Wirth1995,
  address = {Los Alamitos, CA, USA},
  author = {Niklaus Wirth},
  interhash = {e2a6704b8496f534504eaf0b67e207f7},
  intrahash = {d5491205f755dac81a65ce11307ac4c8},
  journal = {Computer},
  number = 2,
  pages = {64-68},
  publisher = {IEEE Computer Society},
  title = {A Plea for Lean Software},
  volume = 28,
  year = 1995,
  keywords = {programming wirth},
  added-at = {2008-03-25T23:09:02.000+0100},
  issn = {0018-9162},
  description = {A Plea for Lean Software},
  biburl = {http://www.bibsonomy.org/bibtex/2d5491205f755dac81a65ce11307ac4c8/fsteeg},
  doi = {http://doi.ieeecomputersociety.org/10.1109/2.348001}
}

@article{Friese2008,
  author = {Peter Friese},
  interhash = {a27e40efc53da949a682caf3b2fdb315},
  intrahash = {2196208dd10942a6f3fad6c81cfcfae9},
  journal = {Eclipse-Magazin},
  pages = {29-32},
  title = {Entwicklung von Generator-Plug-ins mit Eclipse und openArchitectureWare},
  volume = 14,
  year = 2008,
  keywords = {documentation eclipse generators},
  added-at = {2008-03-24T21:30:50.000+0100},
  biburl = {http://www.bibsonomy.org/bibtex/22196208dd10942a6f3fad6c81cfcfae9/fsteeg}
}

@techreport{GarciaAndSentose2007,
  address = {Germany},
  author = {Miguel Garcia and Paul Sentosa},
  institution = {Software Systems Institute (STS), Technische Universit{\"a}t Hamburg-Harburg},
  interhash = {6c9af08fffd9b0733c6940d1ced5a6a3},
  intrahash = {5248da3352568e7aa052235b11d58b8b},
  title = {Generation of {E}clipse-based {IDEs} for {C}ustom {DSLs}},
  year = 2007,
  keywords = {dsl eclipse mdd},
  added-at = {2008-03-16T20:22:35.000+0100},
  biburl = {http://www.bibsonomy.org/bibtex/25248da3352568e7aa052235b11d58b8b/fsteeg}
}

@mastersthesis{Steeg2007,
  author = {Fabian Steeg},
  interhash = {086b349aeb9b2167bafb9f64554e4de8},
  intrahash = {7171a83756963c2dde4de1dce70ca405},
  school = {University of Cologne},
  title = {Wortsinndisambiguierung durch hierarchische Kontextabstraktion},
  url = {http://fsteeg.blogspot.com/2007/10/magisterarbeit-wsd-tesla.html},
  year = 2007,
  keywords = {fsteeg nlp tesla wsd},
  added-at = {2008-02-10T00:03:13.000+0100},
  biburl = {http://www.bibsonomy.org/bibtex/27171a83756963c2dde4de1dce70ca405/fsteeg}
}

@misc{SteegEtAl2006,
  author = {Fabian Steeg and Christoph Benden and Paul-O Samuelsdorff},
  howpublished = {Poster presented at the Twelfth International Conference on Functional Grammar. Sao Jose do Rio Preto, Brazil: Universidade Estadual Paulista.},
  interhash = {b28a6c34e4ac0329bd3f021e71d8cf25},
  intrahash = {6c615fae3002b084527e67edd98a9850},
  title = {Generating Linguistic Expressions from Underlying Clause Structures},
  url = {http://home.hum.uva.nl/fg/abstr_icfg12/Steeg_etal.html},
  year = 2006,
  keywords = {antlr computational-linguistics fg fsteeg java linguistics prolog},
  added-at = {2008-02-09T23:49:35.000+0100},
  priority = {0},
  biburl = {http://www.bibsonomy.org/bibtex/26c615fae3002b084527e67edd98a9850/fsteeg},
  citeulike-article-id = {842443}
}

@misc{VellaEtAl2007,
  author = {Gustav Vella and Aristoteles Pagaltzis and Fabian Steeg and Jochen Dress and Oliver Cornely and Michal Sieniawski and Marcel Reiser and Barbara Eichhorst and Michael Hallek},
  howpublished = {Posterpräsentation auf dem Kongress Medizin und Gesellschaft 2007, Augsburg},
  interhash = {7bc61f4ac7cb66703aa1dcb16013ac2b},
  intrahash = {86fe115fa8b6cc5f5834979af4a75858},
  title = {Ein kollaboratives Informationssystem für das Klinische Studienzentrum am Klinikum der Universität zu Köln},
  url = {http://www.egms.de/en/meetings/gmds2007/07gmds732.shtml},
  year = 2007,
  keywords = {fsteeg uniklinik web},
  added-at = {2008-02-09T23:36:40.000+0100},
  biburl = {http://www.bibsonomy.org/bibtex/286fe115fa8b6cc5f5834979af4a75858/fsteeg}
}

@article{ErmanEtAl1980,
  author = {Lee D. Erman and Frederick Hayes-Roth and Victor R. Lesser and Raj Reddy},
  interhash = {17d82e213f2a21175a896f7a0f90d4e0},
  intrahash = {1a69010563cbed365eee5d03b347e191},
  journal = {ACM Comput. Surv.},
  number = 2,
  pages = {213-253},
  title = {The Hearsay-II Speech-Understanding System: Integrating
               Knowledge to Resolve Uncertainty},
  volume = 12,
  year = 1980,
  keywords = {annotation nlp sale},
  added-at = {2008-01-04T02:55:52.000+0100},
  bibsource = {DBLP, http://dblp.uni-trier.de},
  description = {DBLP Record 'journals/csur/ErmanHLR80'},
  biburl = {http://www.bibsonomy.org/bibtex/21a69010563cbed365eee5d03b347e191/fsteeg}
}

@phdthesis{Cunningham2000,
  author = {Hamish Cunningham},
  interhash = {ebec84653098e5ed0d3d84b331607561},
  intrahash = {6a03ea0515081549aebaaef1c6b1345d},
  note = {{\small {\tt http://gate.ac.uk/sale/thesis/}}},
  school = {University of Sheffield},
  title = {Software Architecture for Language Engineering},
  year = 2000,
  keywords = {annotation nlp sale},
  added-at = {2008-01-04T02:54:55.000+0100},
  description = {Software Architecture for Language Engineering},
  biburl = {http://www.bibsonomy.org/bibtex/26a03ea0515081549aebaaef1c6b1345d/fsteeg}
}

@techreport{OderskyEtAl2004,
  author = {Martin Odersky and  al.},
  institution = {EPFL Lausanne, Switzerland},
  interhash = {668a932eb87ae21bcd92529b24b8c614},
  intrahash = {bf283793321b856bcb6613c10508f7c3},
  number = {IC/2004/64},
  title = {An Overview of the Scala Programming Language},
  year = 2004,
  keywords = {scala},
  added-at = {2007-12-30T23:15:55.000+0100},
  description = {Martin Odersky's Papers: An Overview of the Scala Programming Language},
  biburl = {http://www.bibsonomy.org/bibtex/2bf283793321b856bcb6613c10508f7c3/fsteeg}
}

@book{Graham1993,
  author = {Paul Graham},
  interhash = {be2bab532d03852a3c0282a1b7a8ce16},
  intrahash = {2d8be37b00217ba59ae9c553d613c06e},
  publisher = {Prentice Hall},
  title = {On LISP: Advanced Techniques for Common LISP},
  year = 1993,
  keywords = {lisp},
  added-at = {2007-12-30T23:04:18.000+0100},
  biburl = {http://www.bibsonomy.org/bibtex/22d8be37b00217ba59ae9c553d613c06e/fsteeg},
  month = {September},
  abstract = {{Perhaps the author gives the best description of this book: "<I>On Lisp</I> deals mostly with the kinds of programs you could only write in Lisp." The book provides extensive information on the advanced features of Lisp, which are not found in other popular programming languages. After showing how flexibly functions can be manipulated, <I>On Lisp</I> moves on to the best discussion of macros available, which includes details of the possible pitfalls (various referential bugs, for example). The book concludes with a demonstration of various advanced constructs that can be implemented in Lisp using the tools developed in the earlier part of the book. As with his other book, <I>ANSI Common Lisp</I>, Graham writes in a fluid style that is a pleasure to read. }}
}

@book{GammaEtAl1995,
  address = {Reading, MA},
  author = {Erich Gamma and Richard Helm and Ralph Johnson and John Vlissides},
  interhash = {666db7e026c02bfa3e89b7b2772d18a2},
  intrahash = {4224d6ab195636cfb8748468505a254f},
  publisher = {Addison-Wesley},
  title = {Design Patterns: Elements of Reusable Object-Oriented Software},
  year = 1995,
  keywords = {oop patterns},
  added-at = {2007-12-30T22:56:22.000+0100},
  biburl = {http://www.bibsonomy.org/bibtex/24224d6ab195636cfb8748468505a254f/fsteeg}
}

@book{Beck2003,
  author = {Kent Beck},
  interhash = {74cd7efe7bc66d6ca18165c76d848a55},
  intrahash = {f6a50a072b7e564e7f185716e0822acf},
  publisher = {Addison-Wesley},
  series = {The Addison-Wesley Signature Series},
  title = {Test-Driven Development by Example},
  year = 2003,
  keywords = {tdd},
  added-at = {2007-12-30T22:48:52.000+0100},
  biburl = {http://www.bibsonomy.org/bibtex/2f6a50a072b7e564e7f185716e0822acf/fsteeg}
}

@book{Graef1978,
  address = {Kallm{\"u}nz/Regensburg},
  author = {Peter Gr{\"a}f},
  interhash = {6e4f9b31e9c945ec9440a3d11c870c08},
  intrahash = {54ef39d1a19ee2fd332e0fb889767350},
  publisher = {Lassleben},
  title = {Zur Raumrelevanz infrastruktureller Ma{\"s}nahmen: kleinr{\"a}umliche Struktur- und Proze{\"s}analyse im Landkreis Miesbach; ein Beitrag zur sozialgeographischen Infrastrukturforschung},
  year = 1978,
  keywords = {geography kommunikationsgeographie},
  added-at = {2007-10-08T10:46:14.000+0200},
  description = {KUG Recherche-Portal},
  isbn = {3-7847-6518-1},
  biburl = {http://www.bibsonomy.org/bibtex/254ef39d1a19ee2fd332e0fb889767350/fsteeg}
}

@book{Graef1988,
  address = {Kallm{\"u}nz/Regensburg},
  author = {Peter Gr{\"a}f},
  interhash = {5f36e47a1b427725f125ccdf4a4a7fb3},
  intrahash = {b1b21f1d0bb26d991442a817a4230b90},
  publisher = {Lassleben},
  title = {Information und Kommunikation als Elemente der Raumstruktur},
  year = 1988,
  keywords = {geography kommunikationsgeographie},
  added-at = {2007-10-08T10:20:24.000+0200},
  description = {KUG Recherche-Portal},
  isbn = {3-7847-6534-3},
  biburl = {http://www.bibsonomy.org/bibtex/2b1b21f1d0bb26d991442a817a4230b90/fsteeg}
}

@incollection{McEnery2003,
  author = {Tony McEnery},
  booktitle = {The Oxford Handbook of Computational Linguistics},
  editor = {Ruslan Mitkov},
  interhash = {e7db99022843eb1bd7f778d6e627e604},
  intrahash = {9454d18dc6bdba54d38727562681a6ec},
  pages = {448--463},
  publisher = {Oxford University Press},
  series = {Oxford Handbooks in Linguistics},
  title = {Corpus Linguistics},
  year = 2003,
  keywords = {corpus-linguistics intelligent-systems linguistic-evidence},
  added-at = {2007-10-07T10:50:48.000+0200},
  priority = {5},
  biburl = {http://www.bibsonomy.org/bibtex/29454d18dc6bdba54d38727562681a6ec/fsteeg},
  citeulike-article-id = {969439}
}

@book{McEneryAndWilson1996,
  author = {Tony McEnery and Andrew Wilson},
  interhash = {8babd39126deb0297945b951cf89e827},
  intrahash = {5b4b2628e66f88a82ca0ca563e547e51},
  publisher = {Edinburgh University Press},
  title = {Corpus Linguistics},
  year = 1996,
  keywords = {corpus-linguistics intelligent-systems linguistic-evidence},
  added-at = {2007-10-07T10:50:04.000+0200},
  priority = {5},
  biburl = {http://www.bibsonomy.org/bibtex/25b4b2628e66f88a82ca0ca563e547e51/fsteeg},
  citeulike-article-id = {969399}
}

@misc{Kilgarriff1997a,
  author = {A. Kilgarriff},
  interhash = {9371e215f80f61afaec9fa9b8dc9d3f0},
  intrahash = {f0f16e173ec28bfb53053223db3378d8},
  title = {I don't believe in word senses},
  year = 1997,
  keywords = {imported},
  added-at = {2007-10-07T10:45:41.000+0200},
  biburl = {http://www.bibsonomy.org/bibtex/2f0f16e173ec28bfb53053223db3378d8/fsteeg}
}

@book{AlsinaEtAl1997,
  address = {Stanford, CA, USA},
  editor = {Alex Alsina and Joan Bresnan and Peter Sells},
  howpublished = {Paperback},
  interhash = {0ec5ad22b401e92128fa1866d2ba4426},
  intrahash = {f20acfde1843b6d433c71c298718862c},
  publisher = {Center for the Study of Language and Information},
  title = {Complex Predicates},
  url = {http://www.amazon.ca/exec/obidos/redirect?tag=citeulike09-20{\&}path=ASIN/1575860465},
  year = 1997,
  keywords = {complex-predicates linguistics svc typology},
  added-at = {2007-10-07T10:44:45.000+0200},
  priority = {0},
  isbn = {1575860465},
  biburl = {http://www.bibsonomy.org/bibtex/2f20acfde1843b6d433c71c298718862c/fsteeg},
  citeulike-article-id = {500255},
  month = {October},
  abstract = {Complex predicates can be defined as predicates which are composed of more than one grammatical element (either morphemes or words), each of which contributes a non-trivial part of the information of the complex predicate. The papers collected in this volume, which were presented at a workshop at Stanford in 1993, represent a variety of approaches to the question of the range and nature of complex predicates, and draw on data from a wide spectrum of languages. This collection develops a better understanding of the range of phenomena that a general theory of complex predicates would have to account for, and to see what kinds of linguistic ideas and methodologies would be necessary for such a task.}
}

@incollection{MuyskenVeenstra1995,
  address = {Amsterdam \& Phildadelphia},
  author = {P. C. Muysken and T. Veenstra},
  booktitle = {Pidgins and Creoles: An Introduction},
  editor = {Jacques Arends and Pieter Muysken and Norval Smith},
  interhash = {c3d6681be1717de91a56259349af9536},
  intrahash = {9ec050d31e440f633fa9256d4cf48762},
  pages = {289--301},
  publisher = {John Benjamins Publishing Co.},
  series = {Creole Language Library},
  title = {Serial Verbs},
  url = {http://www.amazon.com/Pidgins-Creoles-Introduction-Language-Library/dp/1556191707/sr=1-1/qid=1158188865/ref=sr_1_1/104-7435726-4523108?ie=UTF8\&#38;s=books},
  volume = 15,
  year = 1995,
  keywords = {complex-predicates linguistics svc typology},
  added-at = {2007-10-07T10:44:45.000+0200},
  priority = {0},
  biburl = {http://www.bibsonomy.org/bibtex/29ec050d31e440f633fa9256d4cf48762/fsteeg},
  citeulike-article-id = {842352}
}

@book{Dik1997b,
  address = {Berlin},
  author = {Simon C. Dik},
  edition = {Second},
  interhash = {33a85315e72e0e8b3ea3dc23b0db6b22},
  intrahash = {58065ac72ad704fbdcd5ae4722aa0e1e},
  publisher = {Mouton de Gruyter},
  title = {The Theory of Functional Grammar. Part 2: Complex and Derived Constructions (edited by Kees Hengeveld)},
  year = 1997,
  keywords = {fg linguistics},
  added-at = {2007-10-07T10:44:45.000+0200},
  priority = {0},
  biburl = {http://www.bibsonomy.org/bibtex/258065ac72ad704fbdcd5ae4722aa0e1e/fsteeg},
  citeulike-article-id = {842386}
}

@incollection{HengeveldAndMackenzie2006,
  address = {Oxford},
  author = {Kees Hengeveld and Lachlan J. Mackenzie},
  booktitle = {Encyclopedia of Language and Linguistics},
  edition = {Second},
  editor = {Keith Brown},
  interhash = {0ef3bdd7eb183009c49be160ee51842b},
  intrahash = {8b24f04f42eb31cf8b02e9f62392d58a},
  pages = {668--676},
  publisher = {Elsevier},
  title = {Functional Discourse Grammar},
  url = {http://www.amazon.de/Encyclopedia-Language-Linguistics-14-Set/dp/0080442994},
  year = 2006,
  keywords = {fdg fg linguistics},
  added-at = {2007-10-07T10:44:45.000+0200},
  priority = {0},
  biburl = {http://www.bibsonomy.org/bibtex/28b24f04f42eb31cf8b02e9f62392d58a/fsteeg},
  citeulike-article-id = {842413}
}

@phdthesis{Bakker1994,
  author = {Dik Bakker},
  interhash = {34301795a9da64c9821206977d6bb6e4},
  intrahash = {ae922695bf7445bce1f2c56add3bad3c},
  school = {Universiteit van Amsterdam},
  title = {Formal and Computational Aspects of Functional Grammar and Language Typology},
  year = 1994,
  keywords = {computational-linguistics fg linguistics},
  added-at = {2007-10-07T10:44:45.000+0200},
  priority = {0},
  biburl = {http://www.bibsonomy.org/bibtex/2ae922695bf7445bce1f2c56add3bad3c/fsteeg},
  citeulike-article-id = {842415}
}

@article{Lin2004,
  author = {Huei-Ling Lin},
  interhash = {fb113b1dee0076fac88f0f976937fe52},
  intrahash = {bfceee0ae83422037c8471486bf7379e},
  journal = {Concentric: Studies in Linguistics},
  number = 2,
  pages = {93--122},
  title = {Serial Verb Constructions vs. Secondary Predication},
  url = {http://www.eng.ntnu.edu.tw/concentric-linguistics/Issue302.htm},
  volume = 30,
  year = 2004,
  keywords = {linguistics svc},
  added-at = {2007-10-07T10:44:45.000+0200},
  priority = {0},
  biburl = {http://www.bibsonomy.org/bibtex/2bfceee0ae83422037c8471486bf7379e/fsteeg},
  citeulike-article-id = {842425},
  month = {December}
}

@article{MuyskenEtAl1978,
  author = {P. C. Muysken and Bert Jansen and Hilda Koopman},
  interhash = {05421db7ef4a0dcc89566beaf2a6b157},
  intrahash = {6a0b167bbb0533f554147d449f662cb8},
  journal = {Amsterdam Creole Studies},
  pages = {125--159},
  title = {Serial Verbs in the Creole Languages},
  url = {http://www.darenet.nl/nl/page/repository.item/show?saharaIdentifier=rukeur:oai:dare.ubn.kun.nl:2066/14516},
  volume = 2,
  year = 1978,
  keywords = {creole linguistics svc},
  added-at = {2007-10-07T10:44:45.000+0200},
  priority = {0},
  biburl = {http://www.bibsonomy.org/bibtex/26a0b167bbb0533f554147d449f662cb8/fsteeg},
  citeulike-article-id = {842435}
}

@book{Patrick1999,
  address = {Amsterdam \& Phildadelphia},
  author = {Peter Patrick},
  interhash = {782bb37d2b80e5e0eade4a1606647e1e},
  intrahash = {aa3d45b4af56a38ecde634b436aae265},
  number = {G17},
  publisher = {John Benjamins Publishing Co.},
  series = {Varieties of English Around the World},
  title = {Urban Jamaican Creole. Variation in the Mesolect.},
  url = {http://www.benjamins.com/cgi-bin/t_bookview.cgi?bookid=VEAW G17},
  year = 1999,
  keywords = {creole jamaican-creole linguistics},
  added-at = {2007-10-07T10:44:45.000+0200},
  priority = {0},
  biburl = {http://www.bibsonomy.org/bibtex/2aa3d45b4af56a38ecde634b436aae265/fsteeg},
  citeulike-article-id = {842436}
}

@incollection{Patrick2004,
  address = {Berlin \& New York},
  author = {Peter Patrick},
  booktitle = {A Handbook of Varieties of English. Vol 2: Morphology and Syntax},
  editor = {Bernd Kortmann and Edgar W. Schneider and Clive Upton and Rajend Mesthrie and Kate Burridge},
  interhash = {290348d0c940eeb14a57d8e812cd3034},
  intrahash = {bf6863708f11aec2d9b6f3f994875bac},
  pages = {407--438},
  publisher = {Mouton de Gruyter},
  series = {Topics in English Linguistics},
  title = {Jamaican Creole: Morphology and syntax.},
  year = 2004,
  keywords = {creole jamaican-creole linguistics},
  added-at = {2007-10-07T10:44:45.000+0200},
  priority = {0},
  biburl = {http://www.bibsonomy.org/bibtex/2bf6863708f11aec2d9b6f3f994875bac/fsteeg},
  citeulike-article-id = {842439}
}

@incollection{Durie1997,
  address = {Stanford, CA, USA},
  author = {Mark Durie},
  booktitle = {Complex Predicates},
  editor = {Alex Alsina and Joan Bresnan and Peter Sells},
  howpublished = {Paperback},
  interhash = {8b090ec2f615e2497d6817ecc4f092df},
  intrahash = {f79aa9a25a041f94ebae4dec458446ba},
  publisher = {Center for the Study of Language and Information},
  title = {Grammatical Structures in Verb Serialization},
  year = 1997,
  keywords = {linguistics svc},
  added-at = {2007-10-07T10:44:45.000+0200},
  priority = {0},
  biburl = {http://www.bibsonomy.org/bibtex/2f79aa9a25a041f94ebae4dec458446ba/fsteeg},
  citeulike-article-id = {842445},
  month = {March},
  abstract = {Complex predicates can be defined as predicates which are composed of more than one grammatical element (either morphemes or words), each of which contributes a non-trivial part of the information of the complex predicate. The papers collected in this volume, which were presented at a workshop at Stanford in 1993, represent a variety of approaches to the question of the range and nature of complex predicates, and draw on data from a wide spectrum of languages. This collection develops a better understanding of the range of phenomena that a general theory of complex predicates would have to account for, and to see what kinds of linguistic ideas and methodologies would be necessary for such a task.}
}

@incollection{Dik1991,
  address = {Amsterdam \& Philadelphia},
  author = {Simon C. Dik},
  booktitle = {Linguistic Theory and Grammatical Description},
  editor = {F. G. Droste and John E. Joseph},
  interhash = {60dd6ea072eb7de9efdfc0bcdc949213},
  intrahash = {ddde62670f7afca2a9e9f947378c50bf},
  pages = {246--274},
  publisher = {John Benjamins Publishing Co.},
  title = {Functional Grammar},
  year = 1991,
  keywords = {fg linguistics},
  added-at = {2007-10-07T10:44:45.000+0200},
  priority = {0},
  biburl = {http://www.bibsonomy.org/bibtex/2ddde62670f7afca2a9e9f947378c50bf/fsteeg},
  citeulike-article-id = {842972}
}

@incollection{Harnad2005,
  author = {Stevan Harnad},
  booktitle = {Handbook of Categorization},
  editor = {Claire Lefebvre and Henri Cohen},
  interhash = {51e3f68b928ffb7f2848bf929955e6c2},
  intrahash = {944b75ffc3ece9d1142c4eef43282a3c},
  publisher = {Elsevier},
  title = {Cognition is Categorization},
  url = {#},
  year = 2005,
  keywords = {cognition magister},
  added-at = {2007-10-07T10:44:45.000+0200},
  priority = {5},
  biburl = {http://www.bibsonomy.org/bibtex/2944b75ffc3ece9d1142c4eef43282a3c/fsteeg},
  citeulike-article-id = {80546}
}

@book{Lyons1968,
  address = {Cambridge},
  author = {John Lyons},
  interhash = {5cf7cd8a28002b0b20cf471c39dae51a},
  intrahash = {5dbb364970ed70a2e5b480d54271b7d6},
  publisher = {University Press},
  title = {Introduction to Theoretical Linguistics},
  url = {http://www.amazon.com/Introduction-Theoretical-Linguistics-John-Lyons/dp/0521095107},
  year = 1968,
  keywords = {intelligent-systems linguistics theory},
  added-at = {2007-10-07T10:44:45.000+0200},
  priority = {0},
  biburl = {http://www.bibsonomy.org/bibtex/25dbb364970ed70a2e5b480d54271b7d6/fsteeg},
  citeulike-article-id = {853430}
}

@book{Butler2003,
  address = {Amsterdam},
  author = {Christopher S. Butler},
  interhash = {1d13a350ea59df9e3329ac0d7ba3d0bf},
  intrahash = {e8b381378db83e8dc9cd5072dbf9c9e6},
  publisher = {John Benjamins Publishing Company},
  series = {Studies in Language},
  title = {Structure and Function: A Guide to Three
Major Structural-Functional Theories},
  url = {http://linguistlist.org/issues/14/14-3054.html},
  volume = 64,
  year = 2003,
  keywords = {linguistics theories},
  added-at = {2007-10-07T10:44:45.000+0200},
  priority = {1},
  biburl = {http://www.bibsonomy.org/bibtex/2e8b381378db83e8dc9cd5072dbf9c9e6/fsteeg},
  citeulike-article-id = {862022}
}

@book{Dik1997a,
  address = {Berlin},
  author = {Simon C. Dik},
  edition = {Second},
  interhash = {d9df93360f3ee91bb30a32581bb5c58d},
  intrahash = {dd424394fb289f27b08b1899f8fb67fa},
  publisher = {Mouton de Gruyter},
  title = {The Theory of Functional Grammar. Part 1: The Structure of the Clause (edited by Kees Hengeveld)},
  year = 1997,
  keywords = {fg linguistics theories},
  added-at = {2007-10-07T10:44:45.000+0200},
  priority = {0},
  biburl = {http://www.bibsonomy.org/bibtex/2dd424394fb289f27b08b1899f8fb67fa/fsteeg},
  citeulike-article-id = {862024}
}

@book{Chomsky1965,
  address = {Cambridge},
  author = {Noam Chomsky},
  interhash = {10dff7148609d28159a0602fcd6c7cbb},
  intrahash = {634ef0838fe6ad268105e0be37a3be8c},
  publisher = {The MIT Press},
  title = {Aspects of the Theory of Syntax},
  url = {http://www.amazon.com/Aspects-Theory-Syntax-Noam-Chomsky/dp/0262530074},
  year = 1965,
  keywords = {generative-grammar linguistics theories},
  added-at = {2007-10-07T10:44:45.000+0200},
  priority = {1},
  biburl = {http://www.bibsonomy.org/bibtex/2634ef0838fe6ad268105e0be37a3be8c/fsteeg},
  citeulike-article-id = {867124},
  abstract = {Standard-TG}
}

@book{Bloomfield1933,
  address = {New York},
  author = {Leonard Bloomfield},
  interhash = {7caae919f3d477147d2fa5f8142481b2},
  intrahash = {b75165a04355e35ad451121aa863a744},
  publisher = {Holt},
  title = {Language},
  url = {http://www.sil.org/lingualinks/literacy/referencematerials/bibliographyliteracy/Bloomfield1933.htm},
  year = 1933,
  keywords = {linguistics},
  added-at = {2007-10-07T10:44:45.000+0200},
  priority = {1},
  biburl = {http://www.bibsonomy.org/bibtex/2b75165a04355e35ad451121aa863a744/fsteeg},
  citeulike-article-id = {867125},
  abstract = {Constituent Structure}
}

@book{Mitkov2003a,
  editor = {Ruslan Mitkov},
  interhash = {1ae24021b1adb55db66a61024d94b2bf},
  publisher = {Oxford University Press},
  intrahash = {d640e9e11bbf88a54ca1a4fd5de645c2},
  series = {Oxford Handbooks in Linguistics},
  title = {The Oxford Handbook of Computational Linguistics},
  url = {http://www.amazon.com/Oxford-Handbook-Computational-Linguistics-Handbooks/dp/0198238827},
  year = 2003,
  keywords = {computational-linguistics},
  added-at = {2007-10-07T10:44:45.000+0200},
  priority = {0},
  biburl = {http://www.bibsonomy.org/bibtex/2d640e9e11bbf88a54ca1a4fd5de645c2/fsteeg},
  citeulike-article-id = {967634}
}

@book{BiberEtAl1998,
  address = {Cambridge},
  author = {Douglas Biber and Susan Conrad and Randi Reppen},
  interhash = {a88b243c697539a7d24ef7c68067744b},
  intrahash = {e799c5e4c3b881098349d283f1b6f500},
  publisher = {Cambridge University Press},
  title = {Corpus Linguistics},
  year = 1998,
  keywords = {corpus-linguistics intelligent-systems linguistic-evidence},
  added-at = {2007-10-07T10:44:45.000+0200},
  priority = {5},
  biburl = {http://www.bibsonomy.org/bibtex/2e799c5e4c3b881098349d283f1b6f500/fsteeg},
  citeulike-article-id = {969394}
}

@book{Kennedy1998,
  address = {London, New York},
  author = {Graeme Kennedy},
  interhash = {2e0b307dd884e1559cd5a0ef82cbca73},
  intrahash = {3c3e4fea73e1dd804911ec5b53e73e65},
  publisher = {Longman},
  title = {An Introduction to Corpus Linguistics},
  year = 1998,
  keywords = {corpus-linguistics intelligent-systems linguistic-evidence},
  added-at = {2007-10-07T10:44:45.000+0200},
  priority = {5},
  biburl = {http://www.bibsonomy.org/bibtex/23c3e4fea73e1dd804911ec5b53e73e65/fsteeg},
  citeulike-article-id = {969397}
}

@article{Koehler2005,
  author = {Reinhard K"ohler},
  interhash = {c308e63d490b0860aa7a18e13ac09e2e},
  intrahash = {022b9f8fcbe0a93dfc552648499a9600},
  journal = {GLDV-Journal for Computational Linguistics and Language Technology},
  number = 2,
  pages = {1--16},
  title = {Korpuslinguistik - zu wissenschaftstheoretischen Grundlagen und methodologischen Perspektiven},
  volume = 20,
  year = 2005,
  keywords = {corpus-linguistics intelligent-systems linguistic-evidence},
  added-at = {2007-10-07T10:44:45.000+0200},
  priority = {5},
  biburl = {http://www.bibsonomy.org/bibtex/2022b9f8fcbe0a93dfc552648499a9600/fsteeg},
  citeulike-article-id = {969401}
}

@article{TrippelEtAl2005,
  author = {Thorsten Trippel and Thierry Declerck and Ulrich Heid},
  interhash = {bcbc2e4fc4ebce0d64a9f7ab4a6a6e85},
  intrahash = {a52c6ea43ec05133b595172ef08d1c1d},
  journal = {GLDV-Journal for Computational Linguistics and Language Technology},
  number = 2,
  pages = {17--301},
  title = {Sprachressourcen in der Standardisierung},
  volume = 20,
  year = 2005,
  keywords = {corpus-linguistics intelligent-systems linguistic-evidence},
  added-at = {2007-10-07T10:44:45.000+0200},
  priority = {5},
  biburl = {http://www.bibsonomy.org/bibtex/2a52c6ea43ec05133b595172ef08d1c1d/fsteeg},
  citeulike-article-id = {969411}
}

@article{Rehm2005,
  author = {Georg Rehm},
  interhash = {9c9537f950de90fda95807ac07b20a8c},
  intrahash = {ac1d86da1017cb84e4d8958da519e08e},
  journal = {GLDV-Journal for Computational Linguistics and Language Technology},
  number = 2,
  pages = {53--74},
  title = {Language-Independent Text Parsing of Arbitrary HTML-Documents. Towards a Foundation For Web Genre Identification},
  volume = 20,
  year = 2005,
  keywords = {corpus-linguistics intelligent-systems linguistic-evidence},
  added-at = {2007-10-07T10:44:45.000+0200},
  priority = {5},
  biburl = {http://www.bibsonomy.org/bibtex/2ac1d86da1017cb84e4d8958da519e08e/fsteeg},
  citeulike-article-id = {969413}
}

@article{MehlerAndWolff2005,
  author = {Alexander Mehler and Christian Wolff},
  interhash = {ab55e6dfe09a20ca029ca685645f7e12},
  intrahash = {047e0add5a490e90ac1cf9c8251063af},
  journal = {GLDV-Journal for Computational Linguistics and Language Technology},
  number = 1,
  pages = {1--18},
  title = {Perspektiven und Positionen des Text Mining},
  volume = 20,
  year = 2005,
  keywords = {corpus-linguistics intelligent-systems linguistic-evidence},
  added-at = {2007-10-07T10:44:45.000+0200},
  priority = {5},
  biburl = {http://www.bibsonomy.org/bibtex/2047e0add5a490e90ac1cf9c8251063af/fsteeg},
  citeulike-article-id = {969414}
}

@incollection{Jacobs1992,
  address = {Hillsdale, New Jersey},
  author = {P. S. Jacobs},
  booktitle = {Text-Based Intelligent Systems: Current Research and Practice in Information Extraction and Retrieval},
  editor = {P. S. Jacobs},
  interhash = {3fbd0efe5224d2fd3d62a79acacbe023},
  intrahash = {c370a928979eefcd333691effcacadc5},
  pages = {1--18},
  publisher = {Lawrence Erlbaum Associates},
  title = {Text power and intelligent systems},
  year = 1992,
  keywords = {corpus-linguistics first-mention intelligent-systems linguistic-evidence},
  added-at = {2007-10-07T10:44:45.000+0200},
  priority = {5},
  biburl = {http://www.bibsonomy.org/bibtex/2c370a928979eefcd333691effcacadc5/fsteeg},
  citeulike-article-id = {969418}
}

@incollection{EvertUndFitschen2001,
  address = {Heidelberg, Berlin},
  author = {Stefan Evert and Arne Fitschen},
  booktitle = {Computerlinguistik und Sprachtechnologie},
  editor = {K. U. Carstensen and C. Ebert and E. Endriss and S. Jekat and R. Klabunde and H. Langer},
  interhash = {084385d2bed3305dec77a5d650035de4},
  intrahash = {3ec5a39e7f44639282c1151559cae60b},
  pages = {369--376},
  publisher = {Spektrum},
  title = {Textkorpora},
  year = 2001,
  keywords = {corpus-linguistics intelligent-systems linguistic-evidence},
  added-at = {2007-10-07T10:44:45.000+0200},
  priority = {5},
  biburl = {http://www.bibsonomy.org/bibtex/23ec5a39e7f44639282c1151559cae60b/fsteeg},
  citeulike-article-id = {969428}
}

@incollection{DoerreEtAl2001,
  address = {Heidelberg, Berlin},
  author = {Jochen D"orre and Peter Gerstl and Roland Seiffert},
  booktitle = {Computerlinguistik und Sprachtechnologie},
  editor = {K. U. Carstensen and C. Ebert and E. Endriss and S. Jekat and R. Klabunde and H. Langer},
  interhash = {0bcf262464a9558c1b1db9429cf529a3},
  intrahash = {3b3950981edba590307c4bcc18bb35b6},
  pages = {425--441},
  publisher = {Spektrum},
  title = {Volltextsuche und Text Mining},
  year = 2001,
  keywords = {corpus-linguistics intelligent-systems linguistic-evidence},
  added-at = {2007-10-07T10:44:45.000+0200},
  priority = {5},
  biburl = {http://www.bibsonomy.org/bibtex/23b3950981edba590307c4bcc18bb35b6/fsteeg},
  citeulike-article-id = {969431}
}

@incollection{Brueckner2001,
  address = {Heidelberg, Berlin},
  author = {Thomas Br"uckner},
  booktitle = {Computerlinguistik und Sprachtechnologie},
  editor = {K. U. Carstensen and C. Ebert and E. Endriss and S. Jekat and R. Klabunde and H. Langer},
  interhash = {b2858b86c43af581d6f8e9de13e3adf9},
  intrahash = {8cd232e3d5e64caa394e0b51cbabf048},
  pages = {442--447},
  publisher = {Spektrum},
  title = {Textklassifikation},
  year = 2001,
  keywords = {corpus-linguistics intelligent-systems linguistic-evidence},
  added-at = {2007-10-07T10:44:45.000+0200},
  priority = {5},
  biburl = {http://www.bibsonomy.org/bibtex/28cd232e3d5e64caa394e0b51cbabf048/fsteeg},
  citeulike-article-id = {969432}
}

@incollection{Neumann2001,
  address = {Heidelberg, Berlin},
  author = {G"unter Neumann},
  booktitle = {Computerlinguistik und Sprachtechnologie},
  editor = {K. U. Carstensen and C. Ebert and E. Endriss and S. Jekat and R. Klabunde and H. Langer},
  interhash = {1a56790cf74910986b26157954a4f3e7},
  intrahash = {62fc97f34592090a79bb29306186ce2d},
  pages = {448--456},
  publisher = {Spektrum},
  title = {Informationsextraktion},
  year = 2001,
  keywords = {corpus-linguistics information-extraction intelligent-systems linguistic-evidence},
  added-at = {2007-10-07T10:44:45.000+0200},
  priority = {0},
  biburl = {http://www.bibsonomy.org/bibtex/262fc97f34592090a79bb29306186ce2d/fsteeg},
  citeulike-article-id = {969433}
}

@incollection{EndresNiggemeyer2001,
  address = {Heidelberg, Berlin},
  author = {Brigitte Endres-Niggemeyer},
  booktitle = {Computerlinguistik und Sprachtechnologie},
  editor = {K. U. Carstensen and C. Ebert and E. Endriss and S. Jekat and R. Klabunde and H. Langer},
  interhash = {14d1c076ec0d06f7634145729010db98},
  intrahash = {2194e2faecc8161e980c39515b4b743d},
  pages = {456--461},
  publisher = {Spektrum},
  title = {Textzusammenfassung},
  year = 2001,
  keywords = {computational-linguistics corpus-linguistics intelligent-systems linguistic-evidence},
  added-at = {2007-10-07T10:44:45.000+0200},
  priority = {5},
  biburl = {http://www.bibsonomy.org/bibtex/22194e2faecc8161e980c39515b4b743d/fsteeg},
  citeulike-article-id = {969434}
}

@book{Heaton2002,
  author = {Jeff Heaton},
  interhash = {c77a44527c0e5b7a175753921fc56ae8},
  intrahash = {55d5b63445bd5d25eee9490c49678180},
  publisher = {Sybex},
  title = {Programming Spiders, Bots and Aggregators in Java},
  year = 2002,
  keywords = {corpus-linguistics intelligent-systems java programming web},
  added-at = {2007-10-07T10:44:45.000+0200},
  priority = {0},
  biburl = {http://www.bibsonomy.org/bibtex/255d5b63445bd5d25eee9490c49678180/fsteeg},
  citeulike-article-id = {969436}
}

@incollection{Tzoukermann2003,
  address = {Oxford},
  author = {Evelyne Tzoukermann and Judith L. Klavans and Tomek Strzalkowski},
  booktitle = {The Oxford Handbook of Computational Linguistics},
  editor = {Ruslan Mitkov},
  interhash = {85f02c6f188c8c6b0ace29ede01748e7},
  intrahash = {e1304134e97881cab82f1e9ada671bc5},
  pages = {529--545},
  publisher = {Oxford University Press},
  series = {Oxford Handbooks in Linguistics},
  title = {Information Retrieval},
  year = 2003,
  keywords = {corpus-linguistics information-retrieval text-categorization},
  added-at = {2007-10-07T10:44:45.000+0200},
  priority = {5},
  biburl = {http://www.bibsonomy.org/bibtex/2e1304134e97881cab82f1e9ada671bc5/fsteeg},
  citeulike-article-id = {969440}
}

@incollection{Grishman2003,
  address = {Oxford},
  author = {Ralph Grishman},
  booktitle = {The Oxford Handbook of Computational Linguistics},
  editor = {Ruslan Mitkov},
  interhash = {aff4a77c644d8df92544f4548f87336c},
  intrahash = {7af6aa9ade5487c6887f3279449d2dd0},
  pages = {545--559},
  publisher = {Oxford University Press},
  series = {Oxford Handbooks in Linguistics},
  title = {Information Extraction},
  year = 2003,
  keywords = {computational-linguistics corpus-linguistics information-extraction},
  added-at = {2007-10-07T10:44:45.000+0200},
  priority = {0},
  biburl = {http://www.bibsonomy.org/bibtex/27af6aa9ade5487c6887f3279449d2dd0/fsteeg},
  citeulike-article-id = {969442}
}

@incollection{Hovy2003,
  address = {Oxford},
  author = {Eduard Hovy},
  booktitle = {The Oxford Handbook of Computational Linguistics},
  editor = {Ruslan Mitkov},
  interhash = {8ec17affb3a02097f5238743470a3e2b},
  intrahash = {288b06a15d58728503d52311a1e23e6c},
  pages = {583--598},
  publisher = {Oxford University Press},
  series = {Oxford Handbooks in Linguistics},
  title = {Text Summarization},
  year = 2003,
  keywords = {corpus-linguistics summarization},
  added-at = {2007-10-07T10:44:45.000+0200},
  priority = {5},
  biburl = {http://www.bibsonomy.org/bibtex/2288b06a15d58728503d52311a1e23e6c/fsteeg},
  citeulike-article-id = {969445}
}

@incollection{Hearst2003,
  address = {Oxford},
  author = {Marti A. Hearst},
  booktitle = {The Oxford Handbook of Computational Linguistics},
  editor = {Ruslan Mitkov},
  interhash = {bf0cbd616c829ea4400180c1f4ab17f5},
  intrahash = {f17b267f006c2fcd6590d6ace9d8275c},
  pages = {616--628},
  publisher = {Oxford University Press},
  series = {Oxford Handbooks in Linguistics},
  title = {Text Data Mining},
  year = 2003,
  keywords = {corpus-linguistics intelligent-systems linguistic-evidence},
  added-at = {2007-10-07T10:44:45.000+0200},
  priority = {5},
  biburl = {http://www.bibsonomy.org/bibtex/2f17b267f006c2fcd6590d6ace9d8275c/fsteeg},
  citeulike-article-id = {969466}
}

@book{ManningAndSchuetze1999,
  address = {Cambridge, Mass.},
  author = {Christopher D. Manning and Hinrich Sch"utze},
  interhash = {a81df02f92f266a51183fe936f588a08},
  intrahash = {81cc3d53de585d59e8a9f9300388ea14},
  publisher = {MIT Press},
  title = {Foundations of statistical natural language processing},
  url = {http://portal.acm.org/citation.cfm?id=311445},
  year = 1999,
  keywords = {computational-linguistics corpus-linguistics information-extraction information-retrieval intelligent-systems linguistic-evidence},
  added-at = {2007-10-07T10:44:45.000+0200},
  priority = {2},
  isbn = {0262133601},
  biburl = {http://www.bibsonomy.org/bibtex/281cc3d53de585d59e8a9f9300388ea14/fsteeg},
  citeulike-article-id = {165418}
}

@incollection{CunninghamAndBontcheva2006,
  address = {M"unchen},
  author = {Hamish Cunningham and Kalina Bontcheva},
  booktitle = {The Encyclopedia of Language and Linguistics},
  edition = {Second},
  editor = {Keith Brown and Anne H. Anderson and Laurie Bauer and Margie Berns and Graeme Hirst and Jim Miller},
  interhash = {5e04bdbe44d833a4c7dfdfd16bef3e0c},
  intrahash = {7ab892bea6e12fb5b404f5fbfaa3380c},
  publisher = {Elsevier},
  title = {Computational Language Systems, Architectures},
  year = 2006,
  keywords = {corpus-linguistics information-retrieval intelligent-systems sale tesla},
  added-at = {2007-10-07T10:44:45.000+0200},
  priority = {0},
  biburl = {http://www.bibsonomy.org/bibtex/27ab892bea6e12fb5b404f5fbfaa3380c/fsteeg},
  citeulike-article-id = {1023518}
}

@article{GollerEtAl2000,
  author = {C. Goller and J. L"oning and T. Will and W. Wolff},
  interhash = {ae6f4eae76aaa6173eaee40eb4ce0e67},
  intrahash = {1a8131a3d4c6114d8a6606ff36905277},
  journal = {7. Internationales Symposium f"ur Informationswissenschaft},
  title = {Automatic document classification: A thorough evaluation of various methods},
  year = 2000,
  keywords = {information-retrieval intelligent-systems},
  added-at = {2007-10-07T10:44:45.000+0200},
  priority = {5},
  biburl = {http://www.bibsonomy.org/bibtex/21a8131a3d4c6114d8a6606ff36905277/fsteeg},
  citeulike-article-id = {1043804}
}

@inproceedings{YandAndPedersen1997,
  address = {Nashville, US},
  author = {Yiming Yang and Jan O. Pedersen},
  booktitle = {Proceedings of {ICML}-97, 14th International Conference on Machine Learning},
  editor = {Douglas H. Fisher},
  interhash = {016cecde345f4e36cfcac1acf6552a65},
  intrahash = {61e9c9275679c8c5021603eb6920d033},
  pages = {412--420},
  publisher = {Morgan Kaufmann Publishers, San Francisco, US},
  title = {A comparative study on feature selection in text categorization},
  url = {citeseer.ist.psu.edu/yang97comparative.html},
  year = 1997,
  keywords = {information-retrieval intelligent-systems},
  added-at = {2007-10-07T10:44:45.000+0200},
  priority = {5},
  biburl = {http://www.bibsonomy.org/bibtex/261e9c9275679c8c5021603eb6920d033/fsteeg},
  citeulike-article-id = {1043809}
}

@article{Hulth2003,
  author = {A. Hulth},
  interhash = {d3632ec90e5f8376fa6bf9d2528004bc},
  intrahash = {22c0ec497aebe9189cc2b6d561fa1158},
  journal = {Proceedings of the Conference on Empirical Methods in Natural Language Processing (EMNLP 03)},
  pages = {216--223},
  title = {Improved automatic keyword extraction given more linguistic knowledge},
  year = 2003,
  keywords = {information-retrieval intelligent-systems machine-lerning nlp},
  added-at = {2007-10-07T10:44:45.000+0200},
  priority = {5},
  biburl = {http://www.bibsonomy.org/bibtex/222c0ec497aebe9189cc2b6d561fa1158/fsteeg},
  citeulike-article-id = {1043922}
}

@article{Hueser1989,
  address = {Berlin, Stuttgart},
  author = {Klaus H"user},
  interhash = {f2a6ce3c77deb7ad4defbadf22528d9c},
  intrahash = {cf76b50cbc1d2618d6bb8f1d88332be0},
  journal = {Zeitschrift f"ur Geomorphologie N.F.},
  pages = {95--110},
  title = {Die S"udwestafrikanische Randstufe. Grunds"atzliche Probleme ihrer geomorphologischen Entwicklung},
  volume = 74,
  year = 1989,
  keywords = {geography geomorphology},
  added-at = {2007-10-07T10:44:45.000+0200},
  priority = {5},
  biburl = {http://www.bibsonomy.org/bibtex/2cf76b50cbc1d2618d6bb8f1d88332be0/fsteeg},
  citeulike-article-id = {1056472},
  month = {August}
}

@article{BrunotteAndSpoenemann1997,
  author = {Ernst Brunotte and J"urgen Sp"onemann},
  interhash = {1fdd1de0d83da7142d2a2b74e0618700},
  intrahash = {617aa9fced50e44b8bd99e3f804d301f},
  journal = {Petermanns Geographische Mitteilungen},
  number = {1997/1},
  pages = {3--15},
  title = {Die kontinentale Randabdachung Nordwestnamibias: eine morphotektonische Untersuchung},
  volume = 141,
  year = 1997,
  keywords = {geography geomorphology},
  added-at = {2007-10-07T10:44:45.000+0200},
  priority = {5},
  biburl = {http://www.bibsonomy.org/bibtex/2617aa9fced50e44b8bd99e3f804d301f/fsteeg},
  citeulike-article-id = {1056474}
}

@article{HueserEtAl2003,
  author = {Klaus H"user and Wolf D. Bl"umel and Bernhard Eitel},
  interhash = {28ac1f70852ebd5e49f31a1204b29ca9},
  intrahash = {3bf9bc4ae1e9baaa34902ee79e32f55f},
  journal = {Karlsruher Schriften zur Geographie und Geo"okologie},
  title = {Zum Problem der Talbildung im nordwestlichen Namibia},
  volume = 18,
  year = 2003,
  keywords = {geography geomorphology},
  added-at = {2007-10-07T10:44:45.000+0200},
  priority = {5},
  biburl = {http://www.bibsonomy.org/bibtex/23bf9bc4ae1e9baaa34902ee79e32f55f/fsteeg},
  citeulike-article-id = {1056477}
}

@inproceedings{BendenAndHermes2004,
  address = {Riegelnik, Wien},
  author = {Christoph Benden and J"urgen Hermes},
  booktitle = {Beitr"age zur 7. Konferenz zur Verarbeitung nat"urlicher Sprache (KONVENS)},
  editor = {Ernst Buchberger},
  interhash = {277527452d316f7a53271cf1e1f728b6},
  intrahash = {6a980a22f8f6f0f804597bad5b245fef},
  pages = {25--28},
  title = {Pr"aprozessierung mit Nebenwirkungen: Dynamische Annotation},
  url = {http://ccgi.msewell.plus.com/scholar-tools.php},
  year = 2004,
  keywords = {gldv intelligent-systems nlp},
  added-at = {2007-10-07T10:44:45.000+0200},
  priority = {2},
  biburl = {http://www.bibsonomy.org/bibtex/26a980a22f8f6f0f804597bad5b245fef/fsteeg},
  citeulike-article-id = {409575}
}

@incollection{Drossard2002,
  address = {Berlin},
  author = {Werner Drossard},
  booktitle = {Problems of Polysynthesis},
  editor = {Nick Evans and Hans-J"urgen Sasse},
  interhash = {69a93928c24eb7145d33cd802d1f7bc6},
  intrahash = {61516e06ace2a504e990402456e5e1db},
  publisher = {Akademie Verlag},
  title = {Ket as a polysynthetic language},
  year = 2002,
  keywords = {gldv linguistics typology},
  added-at = {2007-10-07T10:44:45.000+0200},
  priority = {2},
  biburl = {http://www.bibsonomy.org/bibtex/261516e06ace2a504e990402456e5e1db/fsteeg},
  citeulike-article-id = {1060753}
}

@book{SasseAndEvans2002,
  address = {Berlin},
  editor = {Hans-J"urgen Sasse and Nick Evans},
  interhash = {e0589a44ab579a660d4d6227ee452f20},
  intrahash = {7eece5bc3ece1517af980afc85f10469},
  publisher = {Akademie Verlag},
  title = {Problems of Polysynthesis},
  year = 2002,
  keywords = {gldv linguistics typology},
  added-at = {2007-10-07T10:44:45.000+0200},
  priority = {2},
  biburl = {http://www.bibsonomy.org/bibtex/27eece5bc3ece1517af980afc85f10469/fsteeg},
  citeulike-article-id = {1060754}
}

@inproceedings{HermesAndBenden2005,
  address = {Frankfurt a.M.},
  author = {J"urgen Hermes and Christoph Benden},
  booktitle = {Sprachtechnologie, mobile Kommunikation und linguistische Ressourcen. Beitr"age zur GLDV-Tagung 2005 in Bonn},
  editor = {Bernhard Fisseni and Hans-Christian Schmitz and Bernhard Schr"oder and Petra Wagner},
  interhash = {e35912f0f8264d369597e9ecfb7027fd},
  intrahash = {4c2942b5c77db412eb0ca75a2017b9ec},
  pages = {78--90},
  publisher = {Lang},
  series = {Sprache, Sprechen und Computer},
  title = {Fusion von Annotation und Pr"aprozessierung als Vorschlag zur Behandlung des Rohtextproblems},
  volume = 8,
  year = 2005,
  keywords = {gldv intelligent-systems nlp},
  added-at = {2007-10-07T10:44:45.000+0200},
  priority = {2},
  biburl = {http://www.bibsonomy.org/bibtex/24c2942b5c77db412eb0ca75a2017b9ec/fsteeg},
  citeulike-article-id = {1060772}
}

@book{ReiserAndWirth1992,
  address = {Reading},
  author = {Martin Reiser and Niklaus Wirth},
  interhash = {ad4aae1994c728815449d72baab96422},
  intrahash = {e3a6958bd9887623c52be53b20fd60a5},
  publisher = {Addison-Wesley},
  title = {Programming in Oberon. Steps beyond Pascal and Modula},
  year = 1992,
  keywords = {gldv oo programming programming-languages},
  added-at = {2007-10-07T10:44:45.000+0200},
  priority = {2},
  biburl = {http://www.bibsonomy.org/bibtex/2e3a6958bd9887623c52be53b20fd60a5/fsteeg},
  citeulike-article-id = {1060793}
}

@incollection{RolshovenEtAl2003,
  address = {Caen},
  author = {J"urgen Rolshoven and Jean-Yves Lalande and Eva Remberger},
  booktitle = {Syntaxe \& S'emantique 4. Valence: Perspectives allemandes},
  interhash = {3bc01014685fe4f5818db2892756b04a},
  intrahash = {9267ba0d0db40b1d59bc1eb03d9e3f7f},
  pages = {139--160},
  publisher = {Presses Universitaires de Caen},
  title = {La gen`ese du pass'e compos'e: une interpr'etation g'en'erative d'un changement de valence},
  year = 2003,
  keywords = {gg gldv linguistics},
  added-at = {2007-10-07T10:44:45.000+0200},
  priority = {2},
  biburl = {http://www.bibsonomy.org/bibtex/29267ba0d0db40b1d59bc1eb03d9e3f7f/fsteeg},
  citeulike-article-id = {1060801}
}

@article{DeSmedt1984,
  author = {Koenraad De Smedt},
  interhash = {90a6edc68d0b7757d5f0f76d02bf2629},
  intrahash = {e228287e1dc6076fa11c52f660254ed6},
  journal = {ECAI-84},
  pages = {181--184},
  title = {Using object-oriented knowledge-representation techniques in morphology and syntax programming},
  year = 1984,
  keywords = {gldv linguistics nlp oo},
  added-at = {2007-10-07T10:44:45.000+0200},
  priority = {2},
  biburl = {http://www.bibsonomy.org/bibtex/2e228287e1dc6076fa11c52f660254ed6/fsteeg},
  citeulike-article-id = {1062950}
}

@inproceedings{DeSmedtAndDeGraaf1990,
  address = {Tilburg, The Netherlands},
  author = {Koenraad De Smedt and Josje de Graaf},
  booktitle = {Workshop on Inheritance in Natural Language Processing},
  editor = {Walter Daelemans and Gerald Gazdar},
  interhash = {afb10995cb9aef6c384a8b4676534864},
  intrahash = {08547cb9e82e69023636d1351a6cf100},
  pages = {39--47},
  publisher = {ITK},
  title = {Structured inheritance in frame-based representation of linguistic categories},
  year = 1990,
  keywords = {gldv linguistics nlp oo},
  added-at = {2007-10-07T10:44:45.000+0200},
  priority = {2},
  biburl = {http://www.bibsonomy.org/bibtex/208547cb9e82e69023636d1351a6cf100/fsteeg},
  citeulike-article-id = {1062952}
}

@book{Wehrli1997,
  address = {Paris},
  author = {Eric Wehrli},
  interhash = {160556763e054b2984b3ce12b5af4a37},
  intrahash = {2269521f277b09dfaf9fe6baffa68706},
  publisher = {Masson},
  title = {L’ analyse syntaxique des langues naturelles},
  year = 1997,
  keywords = {gldv linguistics syntax},
  added-at = {2007-10-07T10:44:45.000+0200},
  priority = {2},
  biburl = {http://www.bibsonomy.org/bibtex/22269521f277b09dfaf9fe6baffa68706/fsteeg},
  citeulike-article-id = {1062963}
}

@incollection{Rolshoven2007,
  address = {Berlin, Heidelberg},
  author = {J"urgen Rolshoven},
  booktitle = {Aspects of Automatic Text Analysis},
  editor = {Alexander Mehler and Reinhard K"ohler},
  interhash = {d504c20348e2b6e6b4881d06cdb94b67},
  intrahash = {76f5c6e14bbe96b7efcceddacbeb3495},
  publisher = {Springer},
  series = {Studies in Fuzziness and Soft Computing},
  title = {Licensing Strategies in Natural Language Processing},
  volume = 209,
  year = 2007,
  keywords = {gldv magister nlp oo},
  added-at = {2007-10-07T10:44:45.000+0200},
  priority = {2},
  biburl = {http://www.bibsonomy.org/bibtex/276f5c6e14bbe96b7efcceddacbeb3495/fsteeg},
  citeulike-article-id = {1062967}
}

@book{Marcus1980,
  address = {Cambridge},
  author = {Mitchell Marcus},
  interhash = {6089735f6fc48a839dedd9af80189db1},
  intrahash = {1ffd84d43ffefc4e38b139295ce0d1b1},
  publisher = {MIT Press},
  title = {A Theory of Syntactic Recognition for Natural Language},
  year = 1980,
  keywords = {gldv nlp parser},
  added-at = {2007-10-07T10:44:45.000+0200},
  priority = {2},
  biburl = {http://www.bibsonomy.org/bibtex/21ffd84d43ffefc4e38b139295ce0d1b1/fsteeg},
  citeulike-article-id = {1062971}
}

@book{Lohnstein1993,
  address = {T"ubingen},
  author = {Horst Lohnstein},
  interhash = {d5e24b3cffd8cf01a6134ea3db2bd5f5},
  intrahash = {2f409a750f5983f2d1d2b6b0e71090f2},
  publisher = {Niemeyer},
  series = {Linguistische Arbeiten},
  title = {Projektion und Linking. Ein prinzipienbasierter Parser fürs Deutsche},
  volume = 287,
  year = 1993,
  keywords = {gldv nlp parser},
  added-at = {2007-10-07T10:44:45.000+0200},
  priority = {2},
  biburl = {http://www.bibsonomy.org/bibtex/22f409a750f5983f2d1d2b6b0e71090f2/fsteeg},
  citeulike-article-id = {1063047}
}

@article{Martin1969,
  author = {H. Martin},
  interhash = {d7f2a0a10de012b4058a2328b4cd97b0},
  intrahash = {c3f0fc31f511dae2ee2f4b9baa30cfd1},
  journal = {Geologische Rundschau},
  pages = {121--128},
  title = {Pal"aomorphologische Formelemente in den Landschaften S"udwest-Afrikas},
  volume = 58,
  year = 1969,
  keywords = {geography geomorphology},
  added-at = {2007-10-07T10:44:45.000+0200},
  priority = {2},
  biburl = {http://www.bibsonomy.org/bibtex/2c3f0fc31f511dae2ee2f4b9baa30cfd1/fsteeg},
  citeulike-article-id = {1090948}
}

@article{Stollhoven1999,
  author = {H. Stollhoven},
  interhash = {e80f42445e53cdee1d90ad78e9eca281},
  intrahash = {bc5ac4975612b050f06eb8de7a7637ba},
  journal = {Zeitschrift der deutschen geologischen Gesellschaft},
  pages = {519--632},
  title = {Karoo-Synrift-Sedimentation und ihre tektonische Kontrolle am entstehenden Kontinentalrand Namibias},
  volume = 149,
  year = 1999,
  keywords = {geography geomorphology},
  added-at = {2007-10-07T10:44:45.000+0200},
  priority = {2},
  biburl = {http://www.bibsonomy.org/bibtex/2bc5ac4975612b050f06eb8de7a7637ba/fsteeg},
  citeulike-article-id = {1090951}
}

@misc{NamibiaAtlas,
  author = { Acacia-Atlas},
  howpublished = {ACACIA Projekt E1, SFB 389, Universit"at zu K"oln \textless http://www.uni-koeln.de/sfb389/e/e1/download/atlas\_namibia/\textgreater},
  interhash = {ec8635a95a32c80ac510bbe33be56045},
  intrahash = {8ba0acbd01b1fd02fb846c797fea1ac2},
  title = {Digitaler Atlas von Namibia},
  year = 2002,
  keywords = {geography geomorphology},
  added-at = {2007-10-07T10:44:45.000+0200},
  priority = {2},
  biburl = {http://www.bibsonomy.org/bibtex/28ba0acbd01b1fd02fb846c797fea1ac2/fsteeg},
  citeulike-article-id = {1091010}
}

@misc{GoogleEarth,
  author = { Terrametrics},
  howpublished = {\textless http://earth.google.com/\textgreater},
  interhash = {5df343cb7a40f8cebf8614912fdda90c},
  intrahash = {62688dd47f59f04011864153db8ac062},
  title = {TerraMetrics Satellitenaufnahme in Google Earth bei 19 Grad S, 13 Grad O},
  year = 2007,
  keywords = {geography geomorphology},
  added-at = {2007-10-07T10:44:45.000+0200},
  priority = {2},
  biburl = {http://www.bibsonomy.org/bibtex/262688dd47f59f04011864153db8ac062/fsteeg},
  citeulike-article-id = {1091054}
}

@misc{Seminar,
  author = { Seminar},
  howpublished = {\textless http://uk-online.uni-koeln.de/\textgreater},
  interhash = {94fe4b7983555fb232d06e16a9cacdbb},
  intrahash = {d978c9be3c5a27e312d52d78962e3eb2},
  title = {Materialien zur Lehrveranstaltung 6717: Geographische Bildinterpretation},
  year = 2007,
  keywords = {geography geomorphology},
  added-at = {2007-10-07T10:44:45.000+0200},
  priority = {2},
  biburl = {http://www.bibsonomy.org/bibtex/2d978c9be3c5a27e312d52d78962e3eb2/fsteeg},
  citeulike-article-id = {1091073}
}

@misc{TUFreiberg2003,
  author = { Tu-Freiberg},
  howpublished = {Technische Universit"at Bergakademie Freiberg \textless http://www.geo.tu-freiberg.de/studenten/namibia/\textgreater},
  interhash = {e304d3211ad96938e18e63392488b61e},
  intrahash = {dae8ed677cf4ba5d310b147c73bacf0a},
  title = {Protokoll: Namibia-Exkursion},
  year = 2003,
  keywords = {geography geomorphology},
  added-at = {2007-10-07T10:44:45.000+0200},
  priority = {2},
  biburl = {http://www.bibsonomy.org/bibtex/2dae8ed677cf4ba5d310b147c73bacf0a/fsteeg},
  citeulike-article-id = {1091554}
}

@misc{CapeTown2007,
  author = { Uni-Cape-Town},
  howpublished = {University of Cape Town \textless http://web.uct.ac.za/depts/geolsci/dlr/ring/brand.html\textgreater},
  interhash = {602d4c3b569218d81c0c15db2be73ec5},
  intrahash = {d4ef06cf41d40a6e3f99eef857877659},
  title = {Damaraland Central Igneous Complexes},
  year = 2007,
  keywords = {geography geomorphology},
  added-at = {2007-10-07T10:44:45.000+0200},
  priority = {2},
  biburl = {http://www.bibsonomy.org/bibtex/2d4ef06cf41d40a6e3f99eef857877659/fsteeg},
  citeulike-article-id = {1091558}
}

@misc{CapeTown2003,
  author = { Uni-Cape-Town},
  howpublished = {University of Cape Town, Department of Geological Sciences \textless http://web.uct.ac.za/depts/geolsci/dlr/rocks/\textgreater},
  interhash = {084f5b474ff5fa4ac28be80f9f76dcc7},
  intrahash = {41d8c0a3ccc04a62770b4ae1d2d98ee6},
  title = {Rock Art Gallery},
  year = 2003,
  keywords = {geography geomorphology},
  added-at = {2007-10-07T10:44:45.000+0200},
  priority = {2},
  biburl = {http://www.bibsonomy.org/bibtex/241d8c0a3ccc04a62770b4ae1d2d98ee6/fsteeg},
  citeulike-article-id = {1091563}
}

@book{Cube1965,
  author = {Felix Von Cube},
  interhash = {ae764c77a41e8890fa581b59b1ca9b98},
  intrahash = {a00fe8525625b1f57d9c650c5112c084},
  publisher = {Klett},
  title = {Kybernetische Grundlagen des Lernens und Lehrens},
  year = 1965,
  keywords = {information-retrieval intelligent-systems},
  added-at = {2007-10-07T10:44:45.000+0200},
  priority = {2},
  biburl = {http://www.bibsonomy.org/bibtex/2a00fe8525625b1f57d9c650c5112c084/fsteeg},
  citeulike-article-id = {1109127}
}

@book{Gusfield1997,
  author = {Dan Gusfield},
  interhash = {8a574adab52c4a34f909614d1fbcd6e7},
  intrahash = {8dfd280423b164af65a21b4c32290e03},
  publisher = {Cambridge University Press},
  title = {Algorithms on Strings, Trees and Sequences: Computer Science and Computational Biology},
  year = 1997,
  keywords = {algorithms computational-linguistics intelligent-systems},
  added-at = {2007-10-07T10:44:45.000+0200},
  priority = {2},
  biburl = {http://www.bibsonomy.org/bibtex/28dfd280423b164af65a21b4c32290e03/fsteeg},
  citeulike-article-id = {1109336}
}

@inproceedings{Schwiebert2005,
  address = {Frankfurt a.M.},
  author = {Stephan Schwiebert},
  booktitle = {Sprachtechnologie, mobile Kommunikation und linguistische Ressourcen. Beitr"age zur GLDV-Tagung 2005 in Bonn},
  editor = {B. Fisseni and  C and B. Schr"oder and P. Wagner},
  interhash = {99fcac6e7fbea37bbc4fa730a592ca79},
  intrahash = {2f4c82b43a70d6347c09f9f0107de2e1},
  pages = {633--646},
  publisher = {Lang},
  series = {Sprache, Sprechen und Computer},
  title = {Entwicklung eines agentengest"utzten Systems zur Paradigmenbildung},
  volume = 8,
  year = 2005,
  keywords = {computational-linguistics intelligent-systems},
  added-at = {2007-10-07T10:44:45.000+0200},
  priority = {2},
  biburl = {http://www.bibsonomy.org/bibtex/22f4c82b43a70d6347c09f9f0107de2e1/fsteeg},
  citeulike-article-id = {1109339}
}

@incollection{SchwiebertAndRolshoven2006,
  address = {Lengerich},
  author = {Stephan Schwiebert and J"urgen Rolshoven},
  booktitle = {Perspectives on Cognition},
  editor = { Rapp and  Reinhard and  Sedlmeier and  Zunker-Rapp},
  interhash = {ef53c5fe81ec03a744a859e1b39eea04},
  intrahash = {a75a39573d061377b976f5ceeccdc043},
  publisher = {Pabst Science Publishers},
  title = {SOG: Ein selbstorganisierender Graph zur Bildung von Paradigmen},
  year = 2006,
  keywords = {computational-linguistics intelligent-systems},
  added-at = {2007-10-07T10:44:45.000+0200},
  priority = {2},
  biburl = {http://www.bibsonomy.org/bibtex/2a75a39573d061377b976f5ceeccdc043/fsteeg},
  citeulike-article-id = {1109354}
}

@book{HuntAndThomas1999,
  author = {Andrew Hunt and David Thomas},
  howpublished = {Paperback},
  interhash = {2ba65cfc1b1a5e8867a0c21413b3c8fb},
  intrahash = {300865320a92ff985d41e5873e812641},
  publisher = {Addison-Wesley Professional},
  title = {The Pragmatic Programmer: From Journeyman to Master},
  url = {http://www.amazon.ca/exec/obidos/redirect?tag=citeulike09-20{\&}path=ASIN/020161622X},
  year = 1999,
  keywords = {intelligent-systems programming},
  added-at = {2007-10-07T10:44:45.000+0200},
  priority = {2},
  isbn = {020161622X},
  biburl = {http://www.bibsonomy.org/bibtex/2300865320a92ff985d41e5873e812641/fsteeg},
  citeulike-article-id = {200721},
  month = {October},
  abstract = {Programmers are craftspeople trained to use a certain set of tools (editors, object managers, version trackers) to generate a certain kind of product (programs) that will operate in some environment (operating systems on hardware assemblies). Like any other craft, computer programming has spawned a body of wisdom, most of which isn't taught at universities or in certification classes. Most programmers arrive at the so-called tricks of the trade over time, through independent experimentation. In <I>The Pragmatic Programmer</I>, Andrew Hunt and David Thomas codify many of the truths they've discovered during their respective careers as designers of software and writers of code.<p> Some of the authors' nuggets of pragmatism are concrete, and the path to their implementation is clear. They advise readers to learn one text editor, for example, and use it for everything. They also recommend the use of version-tracking software for even the smallest projects, and promote the merits of learning regular expression syntax and a text-manipulation language. Other (perhaps more valuable) advice is more light-hearted. In the debugging section, it is noted that, "if you see hoof prints think horses, not zebras." That is, suspect everything, but start looking for problems in the most obvious places. There are recommendations for making estimates of time and expense, and for integrating testing into the development process. You'll want a copy of <I>The Pragmatic Programmer</I> for two reasons: it displays your own accumulated wisdom more cleanly than you ever bothered to state it, and it introduces you to methods of work that you may not yet have considered. Working programmers will enjoy this book. <I>--David Wall</I><p> <B>Topics covered</B>: A useful approach to software design and construction that allows for efficient, profitable development of high-quality products. Elements of the approach include specification development, customer relations, team management, design practices, development tools, and testing procedures. This approach is presented with the help of anecdotes and technical problems.}
}

@inproceedings{GrishmanAndSundheim1996,
  address = {Kopenhagen},
  author = {Ralph Grishman and Beth Sundheim},
  booktitle = {Proceedings of the 16th International Conference on Computational Linguistics (COLING)},
  interhash = {fcff55fbec1f85003655b83d31104724},
  intrahash = {b6d4686e85492c19dbc26b64b7d576b5},
  pages = {466--471},
  title = {Message Understanding Conference: A Brief History},
  year = 1996,
  keywords = {information-extraction intelligent-systems},
  added-at = {2007-10-07T10:44:45.000+0200},
  priority = {2},
  biburl = {http://www.bibsonomy.org/bibtex/2b6d4686e85492c19dbc26b64b7d576b5/fsteeg},
  citeulike-article-id = {1115407}
}

@book{HuntAndThomas2003,
  address = {M"unchen, Wien},
  author = {Andrew Hunt and David Thomas},
  interhash = {07f240d5ce57684a5fbffbfa5995f523},
  intrahash = {117f408a6de74913ead4f4565b11f670},
  publisher = {Hanser},
  title = {Der Pragmatische Programmierer},
  year = 2003,
  keywords = {intelligent-systems programming},
  added-at = {2007-10-07T10:44:45.000+0200},
  priority = {2},
  biburl = {http://www.bibsonomy.org/bibtex/2117f408a6de74913ead4f4565b11f670/fsteeg},
  citeulike-article-id = {1115415}
}

@incollection{Samuelsdorff1989,
  author = {Paul O. Samuelsdorff},
  booktitle = {Functional Grammar and the Computer},
  editor = {John H. Connolly and Simon C. Dik},
  interhash = {4fd4ef525beace1214b648e15a116059},
  intrahash = {89e151a3518eddf0284e411f0f001dc5},
  pages = {29--44},
  publisher = {De Gruyter},
  title = {Simulation of a Functional Grammar in Prolog},
  year = 1989,
  keywords = {computational-linguistics fg},
  added-at = {2007-10-07T10:44:45.000+0200},
  priority = {0},
  biburl = {http://www.bibsonomy.org/bibtex/289e151a3518eddf0284e411f0f001dc5/fsteeg},
  citeulike-article-id = {1132782}
}

@misc{AppeltEtAl1993,
  author = {Douglas Appelt and John Bear and Jerry Hobbs and David Israel and Megumi Kameyama and Mark Stickel and Mabry Tyson},
  howpublished = {Sri International, 8. September 2003},
  interhash = {75d3d119645d2912efa30c223eaf449a},
  intrahash = {eea11cedbddbcc898a279bb6bbda7d78},
  title = {FASTUS: A Cascaded Finite-State Tranducer for Extracting Information from Natural- 
Language Text, Sri International},
  year = 1993,
  keywords = {computational-linguistics},
  added-at = {2007-10-07T10:44:45.000+0200},
  priority = {2},
  biburl = {http://www.bibsonomy.org/bibtex/2eea11cedbddbcc898a279bb6bbda7d78/fsteeg},
  citeulike-article-id = {1132831}
}

@misc{AppeltAndIsrael1999,
  author = {Douglas Appelt and David Israel},
  howpublished = {SRI International},
  interhash = {1416f8ef648f6e9b4097b9746fbbc6c6},
  intrahash = {03416f372255456c4648a5761e874640},
  title = {Introduction to Information Extraction Technology: A Tutorial 
Prepared for IJCAI-99},
  year = 1999,
  keywords = {computational-linguistics},
  added-at = {2007-10-07T10:44:45.000+0200},
  priority = {2},
  biburl = {http://www.bibsonomy.org/bibtex/203416f372255456c4648a5761e874640/fsteeg},
  citeulike-article-id = {1132842}
}

@article{Cardie1997,
  author = {Claire Cardie},
  interhash = {649d87e6db44ce2321f80a932a016372},
  intrahash = {e4291bdb785491a17dc391229e839745},
  journal = {AI Magazine},
  number = 4,
  pages = {65--68},
  title = {Empirical Methods in Information Extraction},
  volume = 18,
  year = 1997,
  keywords = {computational-linguistics},
  added-at = {2007-10-07T10:44:45.000+0200},
  priority = {2},
  biburl = {http://www.bibsonomy.org/bibtex/2e4291bdb785491a17dc391229e839745/fsteeg},
  citeulike-article-id = {1132844}
}

@misc{CunninghamEtAl2003,
  author = {Hamish Cunningham and Diana Maynard and Kalina Bontcheva and Valentin Tablan and Cristian Ursu and Marin Dimitrov},
  interhash = {59bded91a0fa2ce1b978811e8f528d3e},
  intrahash = {8fdf2f1a830724e517bd662e7eef5959},
  publisher = {University of Sheffield},
  title = {Developing Language Processing Components with GATE (a User Guide)},
  year = 2003,
  keywords = {computational-linguistics},
  added-at = {2007-10-07T10:44:45.000+0200},
  priority = {2},
  biburl = {http://www.bibsonomy.org/bibtex/28fdf2f1a830724e517bd662e7eef5959/fsteeg},
  citeulike-article-id = {1132847}
}

@misc{Euler2001a,
  author = {Timm Euler},
  howpublished = {Universit"at Dortmund},
  interhash = {c5ed97ad64d1f482ad432a8c005595ba},
  intrahash = {3bac6a124038525d2ffae520ef2b1b25},
  title = {Informationsextraktion durch Zusammenfassung maschinell selektierter Textsegmente},
  year = 2001,
  keywords = {computational-linguistics},
  added-at = {2007-10-07T10:44:45.000+0200},
  priority = {2},
  biburl = {http://www.bibsonomy.org/bibtex/23bac6a124038525d2ffae520ef2b1b25/fsteeg},
  citeulike-article-id = {1132853}
}

@misc{Euler2001b,
  author = {Timm Euler},
  howpublished = {Universit"at Dortmund},
  interhash = {9e2f2c19433428ec284517a55f8a6515},
  intrahash = {98c93d78400425bc57285e81855eadea},
  title = {Informationsextraktion durch gezielte Zusammenfassung von Texten},
  year = 2001,
  keywords = {computational-linguistics},
  added-at = {2007-10-07T10:44:45.000+0200},
  priority = {2},
  biburl = {http://www.bibsonomy.org/bibtex/298c93d78400425bc57285e81855eadea/fsteeg},
  citeulike-article-id = {1132854}
}

@inproceedings{Euler2002,
  author = {Timm Euler},
  booktitle = {Proceedings of the 13th International Workshop on Database and Expert Systems Applications (DEXA)},
  interhash = {aadfe319a3d54bf6c1fcb62dad605abb},
  intrahash = {117c44a7b9ebb72af0ca4a5a706099b7},
  publisher = {IEEE Computer Society Press},
  title = {Tailoring Text using Topic Words: Selection and Compression},
  year = 2002,
  keywords = {computational-linguistics},
  added-at = {2007-10-07T10:44:45.000+0200},
  priority = {0},
  biburl = {http://www.bibsonomy.org/bibtex/2117c44a7b9ebb72af0ca4a5a706099b7/fsteeg},
  citeulike-article-id = {1132856}
}

@inproceedings{GrishmanEtAl2000,
  author = {Ralph Grishman and Silja Huttunen and Pasi Tapanainen and Roman Yangarber},
  booktitle = {Proceedings of the Conference on Applied Natural Language Processing},
  interhash = {deb0e2e82fb3621f27771b1589bc57a9},
  intrahash = {8e11d444abd9bc10ccc88df5f9cd5d1b},
  pages = {282--289},
  title = {Unsupervised Discovery of Scenario-Level Patterns for Information Extraction},
  year = 2000,
  keywords = {computational-linguistics},
  added-at = {2007-10-07T10:44:45.000+0200},
  priority = {2},
  biburl = {http://www.bibsonomy.org/bibtex/28e11d444abd9bc10ccc88df5f9cd5d1b/fsteeg},
  citeulike-article-id = {1132891}
}

@inbook{Mitkov2003,
  author = {Ruslan Mitkov},
  booktitle = {The Oxford Handbook of Computational Linguistics},
  editor = {Ruslan Mitkov},
  interhash = {7d656357f41d4c73cca06325e9ad4d4c},
  intrahash = {92a30fdb928c3db0663c10a662c026d7},
  pages = {267--283},
  publisher = {Oxford University Press},
  title = {Anaphora Resolution},
  year = 2003,
  keywords = {computational-linguistics},
  added-at = {2007-10-07T10:44:45.000+0200},
  priority = {2},
  biburl = {http://www.bibsonomy.org/bibtex/292a30fdb928c3db0663c10a662c026d7/fsteeg},
  citeulike-article-id = {1132920}
}

@book{WittenAndFrank2000,
  author = {Ian Witten and Eibe Frank},
  interhash = {630101df92f1378f45e5af6265f7aaf7},
  intrahash = {45ba0b9aa56facec760b3c8af81e3212},
  publisher = {Hanser},
  title = {Data Mining: Praktische Werkzeuge und Techniken f"ur das maschinelle Lernen},
  year = 2000,
  keywords = {computational-linguistics},
  added-at = {2007-10-07T10:44:45.000+0200},
  priority = {2},
  biburl = {http://www.bibsonomy.org/bibtex/245ba0b9aa56facec760b3c8af81e3212/fsteeg},
  citeulike-article-id = {1132925}
}

@article{AnderssonEtAl1999,
  author = {Arne Andersson and Jesper Larsson and Kurt Swanson},
  interhash = {60305c3064997db5fcdc2ad800a24920},
  intrahash = {08538df35e757c7df7a2a942715936d5},
  journal = {Algorithmica},
  title = {Suffix Trees on Words},
  volume = 23,
  year = 1999,
  keywords = {computational-linguistics},
  added-at = {2007-10-07T10:44:45.000+0200},
  priority = {2},
  biburl = {http://www.bibsonomy.org/bibtex/208538df35e757c7df7a2a942715936d5/fsteeg},
  citeulike-article-id = {1132971}
}

@mastersthesis{Geertzen2003,
  author = {Jeroen Geertzen},
  interhash = {85ed9f3c85c4b854ceb16f62e4c24929},
  intrahash = {ef9348525a828d92dd90b58e7da050c3},
  school = {University Tilburg},
  title = {String Alignment in Grammatical Inference: What Suffix Trees can do},
  year = 2003,
  keywords = {computational-linguistics},
  added-at = {2007-10-07T10:44:45.000+0200},
  priority = {2},
  biburl = {http://www.bibsonomy.org/bibtex/2ef9348525a828d92dd90b58e7da050c3/fsteeg},
  citeulike-article-id = {1132973}
}

@misc{Kiparsky2002,
  author = {Paul Kiparsky},
  howpublished = {Three lectures delivered at the Hyderabad Conference on the Architecture of Grammar},
  interhash = {ae560ebd4df3ff4a098cc332d9859942},
  intrahash = {41c752d3c2264fe12ff4584bbf6e618a},
  title = {On the Architecture of Panini's Grammar},
  year = 2002,
  keywords = {computational-linguistics},
  added-at = {2007-10-07T10:44:45.000+0200},
  priority = {2},
  biburl = {http://www.bibsonomy.org/bibtex/241c752d3c2264fe12ff4584bbf6e618a/fsteeg},
  citeulike-article-id = {1132976}
}

@phdthesis{VanZaanen2002,
  author = {Menno van Zaanen},
  interhash = {f7137c162e15861f7f4e091bfae2816f},
  intrahash = {38e2b0e94fe8709dae88304f30873865},
  school = {University of Leeds},
  title = {Bootstrapping Structure into Language: Alignment-Based Learning},
  year = 2002,
  keywords = {computational-linguistics},
  added-at = {2007-10-07T10:44:45.000+0200},
  priority = {2},
  biburl = {http://www.bibsonomy.org/bibtex/238e2b0e94fe8709dae88304f30873865/fsteeg},
  citeulike-article-id = {1132991}
}

@book{BoeckenhauerAndBongartz2003,
  author = {Hans-Joachim B"ockenhauer and Dirk Bongartz},
  interhash = {17344f8ee69a007b4ed14976e963dc75},
  intrahash = {65bae23809468966665e5dd60fc26af1},
  publisher = {Teubner},
  title = {Algorithmische Grundlagen der Bioinformatik: Modelle, Methoden und Komplexit"at},
  year = 2003,
  keywords = {computational-linguistics},
  added-at = {2007-10-07T10:44:45.000+0200},
  priority = {2},
  biburl = {http://www.bibsonomy.org/bibtex/265bae23809468966665e5dd60fc26af1/fsteeg},
  citeulike-article-id = {1133004}
}

@book{AgirreAndEdmonds2006a,
  editor = {Eneko Agirre and Philip Edmonds},
  howpublished = {Hardcover},
  interhash = {a46f34d38f1128009f5fcd0fe5f8940b},
  intrahash = {002d66dad144cec46596dceb9a7227a8},
  publisher = {Springer},
  series = {Text, Speech and Language Technology},
  title = {Word Sense Disambiguation: Algorithms and Applications},
  url = {http://www.amazon.co.uk/exec/obidos/ASIN/1402048084/citeulike00-21},
  volume = 33,
  year = 2006,
  keywords = {computational-linguistics magister},
  added-at = {2007-10-07T10:44:45.000+0200},
  priority = {5},
  isbn = {1402048084},
  biburl = {http://www.bibsonomy.org/bibtex/2002d66dad144cec46596dceb9a7227a8/fsteeg},
  citeulike-article-id = {1152725},
  month = {July}
}

@book{WilksEtAl1996,
  address = {Cambridge, Mass.},
  author = {Yorick A. Wilks and Brian M. Slator and Louise Guthrie},
  howpublished = {Hardcover},
  interhash = {1e5b719c3acd3da610ef5149e5d39bda},
  intrahash = {d16af91b69ffd6994a505ba29eaf637f},
  publisher = {The MIT Press},
  series = {ACL-MIT Series in Natural Language Processing},
  title = {Electric Words: Dictionaries, Computers, and Meanings},
  url = {http://www.amazon.co.uk/exec/obidos/ASIN/0262231824/citeulike00-21},
  year = 1996,
  keywords = {computational-linguistics magister},
  added-at = {2007-10-07T10:44:45.000+0200},
  priority = {5},
  isbn = {0262231824},
  biburl = {http://www.bibsonomy.org/bibtex/2d16af91b69ffd6994a505ba29eaf637f/fsteeg},
  citeulike-article-id = {1152727},
  month = {January},
  abstract = {The use of computers to understand words continues to be an area of burgeoning research. <i>Electric Words</i> is the first general survey of and introduction to the entire range of work in lexical linguistics and corpora -- the study of such on-line resources as dictionaries and other texts -- in the broader fields of natural-language processing and artificial intelligence. The authors integrate and synthesize the goals and methods of computational lexicons in relation to AI's sister disciplines of philosophy, linguistics, and psychology. One of the underlying messages of the book is that current research should be guided by both computational and theoretical tools and not only by statistical techniques -- that matters have gone far beyond counting to encompass the difficult province of meaning itself and how it can be formally expressed.<br /> <br /> <i>Electric Words</i> delves first into the philosophical background of the study of meaning, specifically word meaning, then into the early work on treating dictionaries as texts, the first serious efforts at extracting information from machine-readable dictionaries (MRDs), and the conversion of MRDs into usable lexical knowledge bases. The authors provide a comparative survey of worldwide work on extracting usable structures from dictionaries for computational-linguistic purposes and a discussion of how those structures differ from or interact with structures derived from standard texts (or corpora). Also covered are automatic techniques for analyzing MRDs, genus hierarchies and networks, numerical methods of language processing related to dictionaries, automatic processing of bilingual dictionaries, and consumer projects using MRDs.}
}

@incollection{StevensonAndWilks2003,
  address = {Oxford},
  author = {Mark Stevenson and Yorick Wilks},
  booktitle = {The Oxford Handbook of Computational Linguistics},
  editor = {Ruslan Mitkov},
  interhash = {04ad3a1d26b2d82d69f918e212f7b805},
  intrahash = {56e33082235a63837ff05c99335d9501},
  pages = {249--265},
  publisher = {Oxford University Press},
  title = {Word-Sense Disambiguation},
  year = 2003,
  keywords = {computational-linguistics magister},
  added-at = {2007-10-07T10:44:45.000+0200},
  priority = {5},
  biburl = {http://www.bibsonomy.org/bibtex/256e33082235a63837ff05c99335d9501/fsteeg},
  citeulike-article-id = {1152729}
}

@incollection{AgirreAndEdmonds2006b,
  author = {Eneko Agirre and Philip Edmonds},
  booktitle = {Word Sense Disambiguation: Algorithms and Applications},
  editor = {Eneko Agirre and Philip Edmonds},
  interhash = {3cd48c2f3c767229c6a95b3017a90d83},
  intrahash = {d6caf769c02a51cd6ed3ebe016119567},
  pages = {1--28},
  publisher = {Springer},
  series = {Text, Speech and Language Technology},
  title = {Introduction},
  volume = 33,
  year = 2006,
  keywords = {computational-linguistics magister},
  added-at = {2007-10-07T10:44:45.000+0200},
  priority = {0},
  biburl = {http://www.bibsonomy.org/bibtex/2d6caf769c02a51cd6ed3ebe016119567/fsteeg},
  citeulike-article-id = {1152730}
}

@misc{GeorgeAndJaros2007,
  author = {Dileep George and Bobby Jaros},
  howpublished = {Numenta Inc. Whitepaper},
  interhash = {b07a35ff77783251c9eaaceacfcc297d},
  intrahash = {62d818915e575aeccae10b27fc4d580e},
  title = {The HTM Learning Algorithm},
  year = 2007,
  keywords = {htm magister},
  added-at = {2007-10-07T10:44:45.000+0200},
  priority = {5},
  biburl = {http://www.bibsonomy.org/bibtex/262d818915e575aeccae10b27fc4d580e/fsteeg},
  citeulike-article-id = {1152732}
}

@misc{HawkinsAndGeorge2006,
  author = {Jeff Hawkins and Dileep George},
  howpublished = {Numenta Inc. Whitepaper},
  interhash = {798e869d08ddecc32663b055ebb5f976},
  intrahash = {bd880db354e55697eccf25a65c7e9e5b},
  title = {Hierarchical Temporal Memory: Concepts, Theory, and Terminology},
  year = 2006,
  keywords = {htm magister},
  added-at = {2007-10-07T10:44:45.000+0200},
  priority = {0},
  biburl = {http://www.bibsonomy.org/bibtex/2bd880db354e55697eccf25a65c7e9e5b/fsteeg},
  citeulike-article-id = {1152735}
}

@article{IdeAndVeronis1998,
  author = {Nancy Ide and Jean V\'eronis},
  interhash = {856fbe672af17a22495a2de41f363049},
  intrahash = {f8fd8f1dcb9dd56d12ec0ad535a105fb},
  journal = {Computational Linguistics},
  number = 1,
  title = {Word Sense Disambiguation: The State of the Art},
  volume = 24,
  year = 1998,
  keywords = {computational-linguistics magister},
  added-at = {2007-10-07T10:44:45.000+0200},
  priority = {5},
  biburl = {http://www.bibsonomy.org/bibtex/2f8fd8f1dcb9dd56d12ec0ad535a105fb/fsteeg},
  citeulike-article-id = {1152736}
}

@inproceedings{GeorgeAndHawkins2005,
  author = {J. Hawkins and D. George},
  booktitle = {Proceedings of the International Joint Conference on Neural Networks 2004},
  interhash = {c4a4c93aa59a047be5c4cc4591285a6b},
  intrahash = {904a1dd94ae4a44d7b43b1131168320e},
  title = {A Hierarchical Bayesian Model of Invariant Pattern Recognition in the Visual Cortex},
  year = 2005,
  keywords = {htm magister},
  added-at = {2007-10-07T10:44:45.000+0200},
  priority = {2},
  biburl = {http://www.bibsonomy.org/bibtex/2904a1dd94ae4a44d7b43b1131168320e/fsteeg},
  citeulike-article-id = {1152737}
}

@book{Hawkins2004,
  author = {Jeff Hawkins},
  interhash = {b6598ace6681a3c208ad79e92ce0dcbf},
  intrahash = {fc3804c94eaeb13fc864f58e591a57df},
  publisher = {Times Books},
  title = {On Intelligence (with Sandra Blakeslee)},
  url = {http://www.amazon.com/Intelligence-Jeff-Hawkins/dp/0805074562},
  year = 2004,
  keywords = {htm magister},
  added-at = {2007-10-07T10:44:45.000+0200},
  priority = {0},
  biburl = {http://www.bibsonomy.org/bibtex/2fc3804c94eaeb13fc864f58e591a57df/fsteeg},
  citeulike-article-id = {1152738}
}

@inproceedings{ThorntonEtAl2006,
  author = {J. R. Thornton and T. Gustafsson and M. Blumenstein and T. Hine},
  booktitle = {Proceedings of the 19th Australian Joint Conference on Artificial Intelligence, AI-2006, Hobart},
  interhash = {bce3f5bf7531e91331496b02b136f548},
  intrahash = {b6de2a57796905bcd2d25a2a3e920148},
  pages = {1259--1264},
  title = {Robust Character Recognition using a Hierarchical Bayesian Network},
  year = 2006,
  keywords = {htm magister},
  added-at = {2007-10-07T10:44:45.000+0200},
  priority = {2},
  biburl = {http://www.bibsonomy.org/bibtex/2b6de2a57796905bcd2d25a2a3e920148/fsteeg},
  citeulike-article-id = {1152739}
}

@misc{Garalevicius2007,
  author = {Saulius Garalevicius},
  howpublished = {Paper accepted for FLAIRS-20},
  interhash = {de91eb4c21cfc0f21a4299337b192332},
  intrahash = {bd3f1ce41ddc78b956f9daf5e7939af0},
  title = {Memory-Prediction Framework for Pattern Recognition: Performance and Suitability of the Bayesian Model of Visual Cortex},
  year = 2007,
  keywords = {htm magister},
  added-at = {2007-10-07T10:44:45.000+0200},
  priority = {2},
  biburl = {http://www.bibsonomy.org/bibtex/2bd3f1ce41ddc78b956f9daf5e7939af0/fsteeg},
  citeulike-article-id = {1152740}
}

@book{Kohonen1984,
  author = {T. Kohonen},
  edition = {Second},
  interhash = {92e57df8b93e4c977498808e7facdd75},
  intrahash = {aa9f4661fcb9a16f0bcbd96f5e182167},
  publisher = {Springer},
  title = {Self-Organization and Associative Memory},
  year = 1984,
  keywords = {htm magister},
  added-at = {2007-10-07T10:44:45.000+0200},
  priority = {5},
  biburl = {http://www.bibsonomy.org/bibtex/2aa9f4661fcb9a16f0bcbd96f5e182167/fsteeg},
  citeulike-article-id = {1152746}
}

@inproceedings{VaithyanathanEtAl2000,
  author = {Shivakumar Vaithyanathan and Jian C. Mao and Byron Dom},
  booktitle = {Proceedings of the PRICAI Workshop on Text and Web Mining},
  interhash = {81559779c2ca9b66d7ae943f31231a16},
  intrahash = {b3ee257aa752adca13bba9ca68ada30c},
  pages = {36--43},
  title = {Hierarchical Bayes for Text Classification},
  url = {http://citeseer.ist.psu.edu/395605.html},
  year = 2000,
  keywords = {bayes magister},
  added-at = {2007-10-07T10:44:45.000+0200},
  priority = {5},
  biburl = {http://www.bibsonomy.org/bibtex/2b3ee257aa752adca13bba9ca68ada30c/fsteeg},
  citeulike-article-id = {1158689},
  abstract = {Naive Bayes models have been very popular in several classification tasks. In this paper we study the application of these models to classification tasks where the data is sparse - i.e., a large number of possible outcomes do not appear in the data. Traditionally point estimates of the model parameters and in particular, point estimates based on the Laplace's rule have been popular for such sparse data. In this paper we investigate the use of the integrated likelihood using different techniques ...}
}

@book{Saeed2003,
  address = {Malden, Oxford, Carlton},
  author = {John I. Saeed},
  edition = {Second},
  interhash = {255c07ad05ad0207b4a695929db92d22},
  intrahash = {04d43e5e449fbb0bfd1502a4db1916ec},
  publisher = {Blackwell},
  series = {Introducing Linguistics},
  title = {Semantics},
  volume = 2,
  year = 2003,
  keywords = {magister semantics},
  added-at = {2007-10-07T10:44:45.000+0200},
  priority = {2},
  biburl = {http://www.bibsonomy.org/bibtex/204d43e5e449fbb0bfd1502a4db1916ec/fsteeg},
  citeulike-article-id = {1158761}
}

@incollection{Mountcastle1978,
  address = {Cambridge, Mass.},
  author = {V. Mountcastle},
  booktitle = {The Mindful Brain},
  editor = {G. Edelman and V. Mountcastle},
  interhash = {b7bf0f45156300a00c8416a8fd5cd208},
  intrahash = {22fdcba1c0ad0194c4646c947f5a3c96},
  publisher = {MIT Press},
  title = {An organizing principle for cerebral function: the unit model and the distributed system},
  year = 1978,
  keywords = {cognition htm magister},
  added-at = {2007-10-07T10:44:45.000+0200},
  priority = {1},
  biburl = {http://www.bibsonomy.org/bibtex/222fdcba1c0ad0194c4646c947f5a3c96/fsteeg},
  citeulike-article-id = {1165973}
}

@book{Stevenson2003,
  author = {Mark Stevenson},
  interhash = {8114d870c1e8408b9dc590dc420b431d},
  intrahash = {95749c4e13e3a4b674fee49fbd4d1123},
  publisher = {CSLI Publications},
  series = {CSLI Studies in Computational Linguistics},
  title = {Word Sense Disambiguation. The Case for Combinations of Knowledge Sources},
  year = 2003,
  keywords = {magister wsd},
  added-at = {2007-10-07T10:44:45.000+0200},
  priority = {5},
  biburl = {http://www.bibsonomy.org/bibtex/295749c4e13e3a4b674fee49fbd4d1123/fsteeg},
  citeulike-article-id = {1165974}
}

@book{Langacker2002,
  author = {Ronald W. Langacker},
  edition = {Second},
  howpublished = {Paperback},
  interhash = {83b33b2023c5820f77c029e978d75c49},
  intrahash = {5a1689eb70eb31e1ca89f60a3da420f9},
  publisher = {Walter de Gruyter},
  series = {Cognitive Linguistic Research},
  title = {Concept, Image, and Symbol: the Cognitive Basis of Grammar},
  url = {http://www.amazon.co.uk/exec/obidos/ASIN/3110172801/citeulike00-21},
  volume = 1,
  year = 2002,
  keywords = {cognition linguistics magister},
  added-at = {2007-10-07T10:44:45.000+0200},
  priority = {4},
  isbn = {3110172801},
  biburl = {http://www.bibsonomy.org/bibtex/25a1689eb70eb31e1ca89f60a3da420f9/fsteeg},
  citeulike-article-id = {1165975},
  month = {December},
  abstract = {This research monograph develops and illustrates an innovative theory of linguistic structure, called "cognitive grammar", and applies it to representative phenomena in English and other languages. <P>Cognitive grammar views language as an integral facet of cognition and claims that grammatical structure cannot be understood or revealingly described independently of semantic considerations. It argues that grammar forms a continuum with the lexicon and is reducible to symbolic relationships (i.e. form-meaning pairings), and consequently that all-valid grammatical constructs have some kind of conceptual import.}
}

@incollection{Kilgarriff2006,
  address = {Dordrecht, The Netherlands},
  author = {Adam Kilgarriff},
  booktitle = {Word Sense Disambiguation: Algorithms and Applications},
  interhash = {c97bf3a23a1c0a6b5409dab358490d4b},
  intrahash = {56fc603644c6f79eb7f1e3c9147a1a23},
  pages = {29--46},
  publisher = {Springer},
  series = {Text, Speech and Language Technology},
  title = {Word Senses},
  volume = 33,
  year = 2006,
  keywords = {magister wsd},
  added-at = {2007-10-07T10:44:45.000+0200},
  priority = {5},
  biburl = {http://www.bibsonomy.org/bibtex/256fc603644c6f79eb7f1e3c9147a1a23/fsteeg},
  citeulike-article-id = {1166001}
}

@incollection{IdeAndWilks2006,
  address = {Dordrecht, The Netherlands},
  author = {Nancy Ide and Yorick Wilks},
  booktitle = {Word Sense Disambiguation: Algorithms and Applications},
  interhash = {e1967324162e9180893f17cec4110e27},
  intrahash = {0ec7599ac1e7c326d258dfca9d3e9db1},
  pages = {47--74},
  publisher = {Springer},
  series = {Text, Speech and Language Technology},
  title = {Making Sense about Sense},
  volume = 33,
  year = 2006,
  keywords = {lexicon magister semantics wsd},
  added-at = {2007-10-07T10:44:45.000+0200},
  priority = {5},
  biburl = {http://www.bibsonomy.org/bibtex/20ec7599ac1e7c326d258dfca9d3e9db1/fsteeg},
  citeulike-article-id = {1166040}
}

@incollection{PalmerEtAl2006,
  address = {Dordrecht, The Netherlands},
  author = {Martha Palmer and Hwee T. Ng and Hoa T. Dang},
  booktitle = {Word Sense Disambiguation: Algorithms and Applications},
  interhash = {c48751a581e09591fcc69bfb4416c41e},
  intrahash = {90cf1f76fd5485df61ecf0f8447463e8},
  pages = {75--106},
  publisher = {Springer},
  series = {Text, Speech and Language Technology},
  title = {Evaluation of WSD Systems},
  volume = 33,
  year = 2006,
  keywords = {lexicon magister semantics wsd},
  added-at = {2007-10-07T10:44:45.000+0200},
  priority = {5},
  biburl = {http://www.bibsonomy.org/bibtex/290cf1f76fd5485df61ecf0f8447463e8/fsteeg},
  citeulike-article-id = {1166041}
}

@incollection{Mihalcea2006,
  address = {Dordrecht, The Netherlands},
  author = {Rada Mihalcea},
  booktitle = {Word Sense Disambiguation: Algorithms and Applications},
  interhash = {7074d3a9fa9a87b684f99765a15da673},
  intrahash = {8786c71982a15789cc8debee7d0651df},
  pages = {107--132},
  publisher = {Springer},
  series = {Text, Speech and Language Technology},
  title = {Knowledge-Based Methods for WSD},
  volume = 33,
  year = 2006,
  keywords = {lexicon magister semantics wsd},
  added-at = {2007-10-07T10:44:45.000+0200},
  priority = {5},
  biburl = {http://www.bibsonomy.org/bibtex/28786c71982a15789cc8debee7d0651df/fsteeg},
  citeulike-article-id = {1166042}
}

@incollection{Pedersen2006,
  address = {Dordrecht, The Netherlands},
  author = {Ted Pedersen},
  booktitle = {Word Sense Disambiguation: Algorithms and Applications},
  interhash = {a38749b7b54cd684f85db081e40964ac},
  intrahash = {94a6d4670367f003f7f3dee1a311bf58},
  pages = {133--166},
  publisher = {Springer},
  series = {Text, Speech and Language Technology},
  title = {Unsupervised Corpus-Based Methods for WSD},
  volume = 33,
  year = 2006,
  keywords = {lexicon magister semantics wsd},
  added-at = {2007-10-07T10:44:45.000+0200},
  priority = {5},
  biburl = {http://www.bibsonomy.org/bibtex/294a6d4670367f003f7f3dee1a311bf58/fsteeg},
  citeulike-article-id = {1166044}
}

@incollection{MarquezEtAl2006,
  address = {Dordrecht, The Netherlands},
  author = {Llu\'is M\`arquez and Gerard Exsudero and David Mart\'inez and German Rigau},
  booktitle = {Word Sense Disambiguation: Algorithms and Applications},
  interhash = {62d88a2c24642cb2b2e4a642fcdbe4ee},
  intrahash = {cdc3c97319d0071e3656fe057485f475},
  pages = {167--216},
  publisher = {Springer},
  series = {Text, Speech and Language Technology},
  title = {Supervised Corpus-Based Methods for WSD},
  volume = 33,
  year = 2006,
  keywords = {lexicon magister semantics wsd},
  added-at = {2007-10-07T10:44:45.000+0200},
  priority = {5},
  biburl = {http://www.bibsonomy.org/bibtex/2cdc3c97319d0071e3656fe057485f475/fsteeg},
  citeulike-article-id = {1166046}
}

@incollection{AgirreAndStevenson2006,
  address = {Dordrecht, The Netherlands},
  author = {Eneko Agirre and Mark Stevenson},
  booktitle = {Word Sense Disambiguation: Algorithms and Applications},
  interhash = {96f6dbd7bd7a7c548a7e8bf009afb021},
  intrahash = {a1bb072d126f602651f6998efd25a528},
  pages = {217--252},
  publisher = {Springer},
  series = {Text, Speech and Language Technology},
  title = {Knowledge Sources for WSD},
  volume = 33,
  year = 2006,
  keywords = {lexicon magister semantics wsd},
  added-at = {2007-10-07T10:44:45.000+0200},
  priority = {5},
  biburl = {http://www.bibsonomy.org/bibtex/2a1bb072d126f602651f6998efd25a528/fsteeg},
  citeulike-article-id = {1166047}
}

@incollection{GonzaloAndVerdejo2006,
  address = {Dordrecht, The Netherlands},
  author = {Julio Gonzalo and Felisa Verdejo},
  booktitle = {Word Sense Disambiguation: Algorithms and Applications},
  interhash = {67a7faf6dbf201792e39c6a44f88f856},
  intrahash = {0a3c2122b1e3ff4d146f372c827ff958},
  pages = {253--274},
  publisher = {Springer},
  series = {Text, Speech and Language Technology},
  title = {Automatic Acquisistion of Lexical Information and Examples},
  volume = 33,
  year = 2006,
  keywords = {lexicon magister semantics wsd},
  added-at = {2007-10-07T10:44:45.000+0200},
  priority = {5},
  biburl = {http://www.bibsonomy.org/bibtex/20a3c2122b1e3ff4d146f372c827ff958/fsteeg},
  citeulike-article-id = {1166049}
}

@incollection{Resnik2006,
  address = {Dordrecht, The Netherlands},
  author = {Philip Resnik},
  booktitle = {Word Sense Disambiguation: Algorithms and Applications},
  interhash = {321ffb01c1421cdc000d8ad38f27e53e},
  intrahash = {ef1e1691f130f68fb94eff479b727954},
  pages = {299--338},
  publisher = {Springer},
  series = {Text, Speech and Language Technology},
  title = {WSD in NLP Applications},
  volume = 33,
  year = 2006,
  keywords = {lexicon magister semantics wsd},
  added-at = {2007-10-07T10:44:45.000+0200},
  priority = {5},
  biburl = {http://www.bibsonomy.org/bibtex/2ef1e1691f130f68fb94eff479b727954/fsteeg},
  citeulike-article-id = {1166051}
}

@incollection{BuitelaarEtAl2006,
  address = {Dordrecht, The Netherlands},
  author = {Paul Buitelaar and Bernardo Magnini and Carlo Strapparava and Piek Vossen},
  booktitle = {Word Sense Disambiguation: Algorithms and Applications},
  interhash = {e4e19d80bf93ba1edc4dd0afe451a5c6},
  intrahash = {46c76e3328a0c45828f4f5e8f9cb367a},
  pages = {275--298},
  publisher = {Springer},
  series = {Text, Speech and Language Technology},
  title = {Domain-Specific WSD},
  volume = 33,
  year = 2006,
  keywords = {lexicon magister semantics wsd},
  added-at = {2007-10-07T10:44:45.000+0200},
  priority = {5},
  biburl = {http://www.bibsonomy.org/bibtex/246c76e3328a0c45828f4f5e8f9cb367a/fsteeg},
  citeulike-article-id = {1166054}
}

@incollection{Crocker2002,
  author = {Matthew W. Crocker},
  booktitle = {Computerlinguistik: Was geht, was kommt? / Computational Linguistics: Achievements and Perspectives},
  editor = {Gerd Will\'ee and Bernhard Schr"oder and Hans-Christian Schmitz},
  interhash = {a9f5a3fad9a93f7c6d3a59c4b52e249a},
  intrahash = {db673cfd9b6d858f1367ff8758c02fb5},
  pages = {48--51},
  publisher = {gardez!},
  series = {Sprachwissenschaft, Computerlinguistik und Neue Medien},
  title = {Computational Linguistics: Cognitive Science or Language Engineering?},
  volume = 4,
  year = 2002,
  keywords = {cognition compling magister},
  added-at = {2007-10-07T10:44:45.000+0200},
  priority = {0},
  biburl = {http://www.bibsonomy.org/bibtex/2db673cfd9b6d858f1367ff8758c02fb5/fsteeg},
  citeulike-article-id = {1171039}
}

@incollection{SchadeAndEikmeyer2002,
  author = {Ulrich Schade and Hans J. Eikmeyer},
  booktitle = {Computerlinguistik: Was geht, was kommt? / Computational Linguistics: Achievements and Perspectives},
  editor = {Gerd Will\'ee and Bernhard Schr"oder and Hans C. Schmitz},
  interhash = {186a536d1d4d40f645240faac06906b0},
  intrahash = {0fd6e412ca9d495f370b0670ea020fa4},
  pages = {247--250},
  publisher = {gardez!},
  series = {Sprachwissenschaft, Computerlinguistik und Neue Medien},
  title = {Computerlinguistik in der Kognitionswissenschaft},
  volume = 4,
  year = 2002,
  keywords = {cognition compling magister},
  added-at = {2007-10-07T10:44:45.000+0200},
  priority = {0},
  biburl = {http://www.bibsonomy.org/bibtex/20fd6e412ca9d495f370b0670ea020fa4/fsteeg},
  citeulike-article-id = {1171049}
}

@book{Schwarz1996,
  address = {T"ubingen, Basel},
  author = {Monika Schwarz},
  edition = {Second},
  interhash = {841b6097b8487e17d6a40c8c647cdef5},
  intrahash = {ee8329b49653bc31f9eda406ccac26d7},
  publisher = {A. Francke},
  title = {Einf"uhrung in die Kognitive Linguistik},
  url = {http://www.amazon.de/Einf%C3%BChrung-die-Kognitive-Linguistik-Linguistik/dp/3825216365},
  year = 1996,
  keywords = {cognition linguistics magister},
  added-at = {2007-10-07T10:44:45.000+0200},
  priority = {0},
  biburl = {http://www.bibsonomy.org/bibtex/2ee8329b49653bc31f9eda406ccac26d7/fsteeg},
  citeulike-article-id = {1171052}
}

@book{Singer2002,
  author = {Wolf Singer},
  howpublished = {Paperback},
  interhash = {1c32f719d4d0f5450acaab02846ed641},
  intrahash = {f5d892d681b46efe4c95c2ac9ebfdf69},
  publisher = {Suhrkamp},
  title = {Der Beobachter im Gehirn: Essays zur Hirnforschung},
  url = {http://www.amazon.co.uk/exec/obidos/ASIN/3518291718/citeulike00-21},
  year = 2002,
  keywords = {cognition htm magister},
  added-at = {2007-10-07T10:44:45.000+0200},
  priority = {2},
  isbn = {3518291718},
  biburl = {http://www.bibsonomy.org/bibtex/2f5d892d681b46efe4c95c2ac9ebfdf69/fsteeg},
  citeulike-article-id = {1171120}
}

@book{LaemmelAndCleve2001,
  author = {Uwe L"ammel and J"urgen Cleve},
  interhash = {c3c431e0f10bac18fc800d5c1f2a52ef},
  intrahash = {bba87bfa1b92ecd7509791c852c36018},
  publisher = {Fachbuchverlag Leipzig},
  title = {Lehr- und "Ubungsbuch K"unstliche Intelligenz},
  url = {http://www.amazon.de/Lehr-%C3%9Cbungsbuch-K%C3%BCnstliche-Intelligenz-L%C3%A4mmel/dp/3446225749},
  year = 2001,
  keywords = {ai magister nn},
  added-at = {2007-10-07T10:44:45.000+0200},
  priority = {0},
  biburl = {http://www.bibsonomy.org/bibtex/2bba87bfa1b92ecd7509791c852c36018/fsteeg},
  citeulike-article-id = {1171233}
}

@incollection{MarkertEtAl2005,
  author = {Heiner Markert and Andreas Knoblauch and G"unther Palm},
  booktitle = {Biomimetic Neural Learning for Intelligent Robots},
  interhash = {c19fa14a6a8e7b3bde871f8f166ce494},
  intrahash = {1edc62805c38605d9a4a7f3786a7b7f4},
  journal = {Biomimetic Neural Learning for Intelligent Robots},
  pages = {107--117},
  publisher = {Springer},
  title = {Detecting Sequences and Understanding Language with Neural Associative Memories and Cell Assemblies},
  url = {http://dx.doi.org/10.1007/11521082_7},
  year = 2005,
  keywords = {cognition htm magister},
  added-at = {2007-10-07T10:44:45.000+0200},
  priority = {5},
  biburl = {http://www.bibsonomy.org/bibtex/21edc62805c38605d9a4a7f3786a7b7f4/fsteeg},
  citeulike-article-id = {1172265},
  doi = {10.1007/11521082_7}
}

@book{StrubeEtAl2001,
  editor = {Gerhard Strube},
  howpublished = {CD-ROM-Ausgabe},
  interhash = {d116b734d60315cc3d3ac0e920fd8f68},
  intrahash = {e47ee8a844c8915e2e306df0688821cb},
  publisher = {Klett-Cotta-Verlag},
  title = {W"orterbuch der Kognitionswissenschaft},
  url = {http://www.klett-cotta.de/psychologie_buechers.html?\&#38;tt_products=1527},
  year = 2001,
  keywords = {cognition magister},
  added-at = {2007-10-07T10:44:45.000+0200},
  priority = {5},
  biburl = {http://www.bibsonomy.org/bibtex/2e47ee8a844c8915e2e306df0688821cb/fsteeg},
  citeulike-article-id = {1172271}
}

@incollection{Kiss2002,
  author = {Tibor Kiss},
  booktitle = {Computerlinguistik: Was geht, was kommt? / Computational Linguistics: Achievements and Perspectives},
  editor = {Gerd Will\'ee and Bernhard Schr"oder and Hans C. Schmitz},
  interhash = {3869b90247a2541b64e5d57625905b8d},
  intrahash = {3e0628665b0a43fda93c22952e29297b},
  pages = {163--171},
  publisher = {gardez!},
  series = {Sprachwissenschaft, Computerlinguistik und Neue Medien},
  title = {Anmerkung zur scheinbaren Konkurrenz von numerischen und symbolischen Verfahren in der Computerlinguistik},
  volume = 4,
  year = 2002,
  keywords = {cognition compling magister},
  added-at = {2007-10-07T10:44:45.000+0200},
  priority = {0},
  biburl = {http://www.bibsonomy.org/bibtex/23e0628665b0a43fda93c22952e29297b/fsteeg},
  citeulike-article-id = {1172393}
}

@misc{HermesAndSchwiebert2007,
  author = {J"urgen Hermes and Stephan Schwiebert},
  howpublished = {Posterpr"asentation und Systemvorf"uhrung auf der DGfS-Jahrestagung 2007 in Siegen},
  interhash = {42f8186106511d95e85f7778a26ca658},
  intrahash = {9869327965863baf8bf6006507d9151f},
  title = {Tesla - Ein Labor f"ur Computerlinguisten},
  year = 2007,
  keywords = {compling magister},
  added-at = {2007-10-07T10:44:45.000+0200},
  priority = {0},
  biburl = {http://www.bibsonomy.org/bibtex/29869327965863baf8bf6006507d9151f/fsteeg},
  citeulike-article-id = {1172481}
}

@book{Vater1999,
  address = {M"unchen},
  author = {Heinz Vater},
  edition = {Third},
  interhash = {c6c50c94b60dadcc74b5bb47be3a4bcd},
  intrahash = {023245c467610cdb767f88e6c4f3bdb3},
  publisher = {UTB, W. Fink},
  title = {Einf"uhrung in die Sprachwissenschaft},
  url = {http://www.amazon.de/Einf%C3%BChrung-die-Sprachwissenschaft-Heinz-Vater/dp/382521799X},
  year = 1999,
  keywords = {linguistics magister},
  added-at = {2007-10-07T10:44:45.000+0200},
  priority = {0},
  biburl = {http://www.bibsonomy.org/bibtex/2023245c467610cdb767f88e6c4f3bdb3/fsteeg},
  citeulike-article-id = {1177680}
}

@incollection{SchiehlenAndKlabunde2001,
  address = {Heidelberg, Berlin},
  author = {Michael Schiehlen and Ralf Klabunde},
  booktitle = {Computerlinguistik und Sprachtechnologie},
  editor = {K. U. Carstensen and C. Ebert and E. Endriss and S. Jekat and R. Klabunde and H. Langer},
  interhash = {04e6b13dfac3e250d27ff849a6e1e7b2},
  intrahash = {d5bf1f1ef1c89b6ef2a0dab0da480283},
  pages = {246--304},
  publisher = {Spektrum},
  title = {Semantik},
  year = 2001,
  keywords = {magister semantics},
  added-at = {2007-10-07T10:44:45.000+0200},
  priority = {0},
  biburl = {http://www.bibsonomy.org/bibtex/2d5bf1f1ef1c89b6ef2a0dab0da480283/fsteeg},
  citeulike-article-id = {1177709}
}

@book{Jackendoff2002,
  address = {New York},
  author = {R. Jackendoff},
  interhash = {ba452de4803cfda7b031adf66474fbdd},
  intrahash = {808d224a2eda34f2b2603650bc629f87},
  publisher = {Oxford University Press},
  title = {Foundations of Language: Brain, Meaning, Grammar, Evolution},
  url = {http://citeseer.comp.nus.edu.sg/context/1660546/0},
  year = 2002,
  keywords = {gg linguistics magister},
  added-at = {2007-10-07T10:44:45.000+0200},
  priority = {2},
  biburl = {http://www.bibsonomy.org/bibtex/2808d224a2eda34f2b2603650bc629f87/fsteeg},
  citeulike-article-id = {1177738}
}

@incollection{JordanAndRussell1999,
  address = {Cambridge, Massachusetts and London, England},
  author = {Michael I. Jordan and Stuart Russell},
  booktitle = {The MIT Encyclopedia of the Cognitive Sciences},
  editor = {Robert A. Wilson and Frank C. Keil},
  interhash = {e6b18a0a840a5920dda06c0b8eb0b764},
  intrahash = {ef3d389fb725b69deaaaf434acfbc416},
  pages = {lxxiiv--xc},
  publisher = {The MIT Press},
  series = {A Bradford Book},
  title = {Computational Intelligence},
  year = 1999,
  keywords = {ci cognition magister},
  added-at = {2007-10-07T10:44:45.000+0200},
  priority = {5},
  biburl = {http://www.bibsonomy.org/bibtex/2ef3d389fb725b69deaaaf434acfbc416/fsteeg},
  citeulike-article-id = {1177761}
}

@incollection{Chierchia1999,
  address = {Cambridge, Massachusetts and London, England},
  author = {Gennaro Chierchia},
  booktitle = {The MIT Encyclopedia of the Cognitive Sciences},
  editor = {Robert A. Wilson and Frank C. Keil},
  interhash = {52405b9b608f088b5c56f9c6d3a0d331},
  intrahash = {5b5237600dcd0a7cec42deb7ddc9b913},
  pages = {xci--cix},
  publisher = {The MIT Press},
  series = {A Bradford Book},
  title = {Linguistics and Language},
  year = 1999,
  keywords = {cognition linguistics magister},
  added-at = {2007-10-07T10:44:45.000+0200},
  priority = {5},
  biburl = {http://www.bibsonomy.org/bibtex/25b5237600dcd0a7cec42deb7ddc9b913/fsteeg},
  citeulike-article-id = {1177762}
}

@book{Dik1992,
  address = {Berlin, New York},
  author = {Simon C. Dik},
  interhash = {3cd9e637dcc88fbf7cc2b19383055532},
  intrahash = {ff75d5e8c1942008fac91080a07232f9},
  publisher = {Mouton de Gruyter},
  title = {Functional Grammar in Prolog: an Integrated Implementation for English, French and Dutch},
  year = 1992,
  keywords = {fg linguistics},
  added-at = {2007-10-07T10:44:45.000+0200},
  priority = {0},
  biburl = {http://www.bibsonomy.org/bibtex/2ff75d5e8c1942008fac91080a07232f9/fsteeg},
  citeulike-article-id = {1185521}
}

@inproceedings{Macks2002,
  author = {Aaron Macks},
  booktitle = {Proceedings of the ACL-02 workshop on Computational approaches to semitic languages},
  interhash = {55ff5d1dd906cd7810552276f32270d1},
  intrahash = {350394a6b93287de4212028d77a3e63a},
  pages = {1--6},
  title = {Parsing Akkadian Verbs with Prolog},
  year = 2002,
  keywords = {linguistics prolog},
  added-at = {2007-10-07T10:44:45.000+0200},
  priority = {1},
  biburl = {http://www.bibsonomy.org/bibtex/2350394a6b93287de4212028d77a3e63a/fsteeg},
  citeulike-article-id = {1185522}
}

@book{Parr2007,
  address = {Raleigh},
  author = {Terence Parr},
  interhash = {d9ef4ed82183b86b6a3004161de5ea44},
  intrahash = {1688029f4c14bd3b234933a48e902c03},
  publisher = {The Pragmatic Bookshelf},
  title = {The Definitive ANTLR Reference: Building Domain-Specific Languages},
  url = {http://www.amazon.de/Complete-ANTLR-Reference-Guide-Domain-specific/dp/0978739256},
  year = 2007,
  keywords = {antlr dsl parsing},
  added-at = {2007-10-07T10:44:45.000+0200},
  priority = {5},
  biburl = {http://www.bibsonomy.org/bibtex/21688029f4c14bd3b234933a48e902c03/fsteeg},
  citeulike-article-id = {1186340}
}

@incollection{Frege1892,
  address = {G"ottingen},
  author = {G. Frege},
  booktitle = {Funktion - Begriff - Bedeutung},
  editor = {Mark Textor},
  interhash = {69a25d8f4f372bd4fff116120caaceee},
  intrahash = {9def32d8fa2695616a9184dac18bf6ab},
  publisher = {Vandenhoeck \& Ruprecht},
  series = {Sammlung Philosophie},
  title = {"Uber Sinn und Bedeutung},
  volume = 4,
  year = 1892,
  keywords = {bibtex-import linguistics logic semantics},
  added-at = {2007-10-07T10:44:45.000+0200},
  priority = {2},
  biburl = {http://www.bibsonomy.org/bibtex/29def32d8fa2695616a9184dac18bf6ab/fsteeg},
  citeulike-article-id = {1314503}
}

@book{GruhnAndThiel2000,
  author = {Volker Gruhn and Andreas Thiel},
  interhash = {8bdcb636746fddfd00b763909bfab78f},
  intrahash = {92b29f94842f128d3c484f610b163f61},
  publisher = {Addison-Wesley},
  title = {Komponentenmodelle. DCOM, Javabeans, Enterprise Java Beans, CORBA},
  url = {http://www.amazon.de/Komponentenmodelle-Javabeans-Enterprise-Beans-CORBA/dp/382731724X},
  year = 2000,
  keywords = {magister programming},
  added-at = {2007-10-07T10:44:45.000+0200},
  priority = {0},
  biburl = {http://www.bibsonomy.org/bibtex/292b29f94842f128d3c484f610b163f61/fsteeg},
  citeulike-article-id = {1360965}
}

@book{Burke2006,
  author = {Bill Burke and Richard Monson-Haefel},
  howpublished = {Paperback},
  interhash = {19d0ff952280ba221ddc092d9143db49},
  intrahash = {799f294c14c4cf88839f763d75d19798},
  publisher = {O'Reilly Media, Inc.},
  title = {Enterprise JavaBeans 3.0 (5th Edition)},
  url = {http://www.amazon.fr/exec/obidos/redirect?tag=citeulike06-21{\&}path=ASIN/059600978X},
  year = 2006,
  keywords = {magister programming},
  added-at = {2007-10-07T10:44:45.000+0200},
  priority = {5},
  isbn = {059600978X},
  biburl = {http://www.bibsonomy.org/bibtex/2799f294c14c4cf88839f763d75d19798/fsteeg},
  citeulike-article-id = {1360969},
  abstract = {As many Java developers and IS managers already know, Sun's powerful Enterprise JavaBean (EJB) technology offers an attractive option for developing server-side components. A suitable read for both managers and Java programmers, <I>Enterprise JavaBeans</I> provides a surprisingly clear and engaging introduction to designing and programming with EJBs. <p> The tour of the EJB component model presented here centers on several beans created and tested for a travel reservation system in a fictitious cruise ship company. The samples are just right in scale, large enough to test out key concepts in design and deployment, but small enough to be comprehensible, even to those who are not Java experts. The author pays close attention to the real-world issues of deployment with EJBs (as well as the differences among the vendor application servers that run them). <p> While there are enough details in Java syntax for designing both entity and session beans for the developer, sections on design here will please those who manage projects without delving much into code. Later, the author shows various ways to design entity and session beans. (For instance, entity beans can allow their bean containers to handle the details of connecting to a database, or they can do it themselves. This book demonstrates both approaches.) When it comes to session beans (which "wire" together entity beans to do real work), the author's introduction to managing state and transactions is also a standout. Tips for performance and reusability close out the book.<p> In all, <I>Enterprise JavaBeans</I> provides an engaging tour of one of the most promising component technologies. It's technically astute, but thoroughly approachable too, and can serve the needs of any manager or Java developer considering EJBs for future projects. <I>--Richard Dragan</I><p> <B>Topics covered</B>: Enterprise JavaBeans (EJBs) basics, distributed architectures, Component Transaction Monitors (CTMs), bean-containers, home and remote bean interfaces, resource management, configuring EJB servers, entity beans, JNDI, container-managed and bean-managed persistence, session beans, stateless and stateful beans, transactions, design and performance hints. <p>If you're up on the latest Java technologies, then you know that Enterprise JavaBeans (EJB) 3.0 is the hottest news in Java this year. In fact, EJB 3.0 is being hailed as the new standard of server-side business logic programming. And O'Reilly's award-winning book on EJB has been refreshed just in time to capitalize on the technology's latest rise in popularity.</p> <p>This fifth edition, written by Bill Burke and Richard Monson-Haefel, has been updated to capture the very latest need-to-know Java technologies in the same award-winning fashion that drove the success of the previous four strong-selling editions. Bill Burke, Chief Architect at JBoss, Inc., represents the company on the EJB 3.0 and Java EE 5 specification committees. Richard Monson-Haefel is one of the world's leading experts on Enterprise Java.</p> <p><i>Enterprise JavaBeans 3.0</i>, 5th Edition is organized into two parts: the technical manuscript followed by the JBoss workbook. The technical manuscript explains what EJB is, how it works, and when to use it. The JBoss workbook provides step-by-step instructions for installing, configuring, and running the examples from the manuscript on the JBoss 4.0 Application Server.</p> <p>Although EJB makes application development much simpler, it's still a complex and ambitious technology that requires a great deal of time to study and master. But now, thanks to <i>Enterprise JavaBeans 3.0</i>, 5th Edition, you can overcome the complexities of EJBs and learn from hundreds of practical examples that are large enough to test key concepts but small enough to be taken apart and explained in the detail that you need. Now you can harness the complexity of EJB with just a single resource by your side.</p>}
}

@inproceedings{Kilgarriff1997b,
  author = {Adam Kilgarriff},
  booktitle = {Proceedings of the Natural Language Processing Pacific Rim Symposium. Phuket, Thailand.},
  interhash = {34c352d6d3531eeb3eafbd4d965f7270},
  intrahash = {82e32842673e471a9dfc212219e599c2},
  pages = {209--214},
  title = {What is word sense disambiguation good for?},
  url = {#},
  year = 1997,
  keywords = {magister semantics wsd},
  added-at = {2007-10-07T10:44:45.000+0200},
  priority = {0},
  biburl = {http://www.bibsonomy.org/bibtex/282e32842673e471a9dfc212219e599c2/fsteeg},
  citeulike-article-id = {1361043}
}

@book{Haarmann1991,
  address = {Frankfurt a. M., New York},
  author = {Harald Haarmann},
  edition = {Second},
  interhash = {330ee0db4c57640257cc5708cdd16f5b},
  intrahash = {c986a48107145eb4e9c57645f5a5d822},
  publisher = {Campus},
  title = {Universalgeschichte der Schrift},
  year = 1991,
  keywords = {magister word},
  added-at = {2007-10-07T10:44:45.000+0200},
  priority = {5},
  biburl = {http://www.bibsonomy.org/bibtex/2c986a48107145eb4e9c57645f5a5d822/fsteeg},
  citeulike-article-id = {1361109}
}

@book{Oestereich2005,
  address = {M"unchen, Wien},
  author = {Bernd Oestereich},
  edition = {Fourth},
  interhash = {b13f76ebe44f72aa762f67423f470c65},
  intrahash = {2061cfcb67302a20b05e5295c29700bc},
  publisher = {Oldenbourg},
  title = {Die UML  2.0 Kurzreferenz für die Praxis},
  url = {http://www.amazon.de/UML-Kurzreferenz-Praxis-kurz-bündig-ballastfrei/sim/3486577883/2},
  year = 2005,
  keywords = {magister programming uml},
  added-at = {2007-10-07T10:44:45.000+0200},
  priority = {0},
  biburl = {http://www.bibsonomy.org/bibtex/22061cfcb67302a20b05e5295c29700bc/fsteeg},
  citeulike-article-id = {1423956}
}

@inproceedings{MihalceaEtAl2004,
  author = {Rada Mihalcea and Timothy Chklovski and Adam Kilgarriff},
  booktitle = {Proceedings of Senseval-3: Third International Workshop on the Evaluation of Systems for the Semantic Analysis of Text, Barcelona, Spain, July 2004},
  interhash = {0acd694bb05c5b016c42e1c536248c6c},
  intrahash = {60c8c9645f3e9568df410cc22abdbd64},
  organization = {Association for Computational Linguistics (ACL)},
  title = {The Senseval-3 English Lexical Sample Task},
  year = 2004,
  keywords = {computational-linguistics corpus-linguistics semantics},
  added-at = {2007-10-07T10:44:45.000+0200},
  priority = {0},
  biburl = {http://www.bibsonomy.org/bibtex/260c8c9645f3e9568df410cc22abdbd64/fsteeg},
  citeulike-article-id = {1542276}
}

@book{AbelsonEtAl2001,
  author = {Harold Abelson and Gerald J. Sussman and J. Sussman},
  howpublished = {Paperback},
  interhash = {be431cd83e6be2c46e2ace992d57fe5c},
  intrahash = {45138a55207d728667be81450c23c24f},
  publisher = {Springer},
  title = {Struktur und Interpretation von Computerprogrammen: Eine Informatik-Einführung (Springer-Lehrbuch)},
  url = {http://www.amazon.fr/exec/obidos/redirect?tag=citeulike06-21{\&}path=ASIN/3540423427},
  year = 2001,
  keywords = {cs},
  added-at = {2007-10-07T10:44:45.000+0200},
  priority = {0},
  isbn = {3540423427},
  biburl = {http://www.bibsonomy.org/bibtex/245138a55207d728667be81450c23c24f/fsteeg},
  citeulike-article-id = {1554605},
  month = {September},
  abstract = {Die Übersetzung der bewährten Einführung in die Informatik, entstanden am Massachusetts Institute of Technology (MIT), wird seit Jahren erfolgreich in der Lehre eingesetzt. Schritt für Schritt werden Konstruktion und Abstraktion von Daten und Prozeduren dargestellt. Von der Modularisierung bis zum Problemlösen mit Registermaschinen werden verschiedene Programmierparadigmen entwikckelt und die effektive Handhabung von Komplexität gezeigt. Als Programmiersprache wird SCHEME verwendet, ein Dialekt von LISP. Alle Programme laufen in jeder dem IEEE-Standard entsprechenden SCHEME-Implementierung.}
}

@mastersthesis{Bilagher2006,
  author = {Jochen Bilagher},
  interhash = {ac3c61e0c3696de0f69b4835bf1e2210},
  intrahash = {af62fb841420f88c5d96baa8b12b22db},
  school = {University of Cologne},
  title = {Konfiguration und Steuerung des sprachverarbeitenden Prozesskettensystems TESLA},
  url = {http://www.google.com/search?client=safari\&#38;rls=de-de\&#38;q=pdfsync\&#38;ie=UTF-8\&#38;oe=UTF-8},
  year = 2006,
  keywords = {sale spinfo},
  added-at = {2007-10-07T10:44:45.000+0200},
  priority = {0},
  biburl = {http://www.bibsonomy.org/bibtex/2af62fb841420f88c5d96baa8b12b22db/fsteeg},
  citeulike-article-id = {1556210}
}

@book{VanRoyAndHaridi2004,
  address = {Cambridge, Mass.},
  author = {Peter Van Roy and Seif Haridi},
  howpublished = {Hardcover},
  interhash = {22f2987e9e74959d32423f61708e1e1a},
  intrahash = {cc434893717a89bc8a5b609a51d5d17a},
  publisher = {The MIT Press},
  title = {Concepts, Techniques, and Models of Computer Programming},
  url = {http://www.amazon.ca/exec/obidos/redirect?tag=citeulike09-20{\&}path=ASIN/0262220695},
  year = 2004,
  keywords = {multi-paradigm programming programming-languages},
  added-at = {2007-10-07T10:44:45.000+0200},
  priority = {3},
  isbn = {0262220695},
  biburl = {http://www.bibsonomy.org/bibtex/2cc434893717a89bc8a5b609a51d5d17a/fsteeg},
  citeulike-article-id = {167575},
  month = {March}
}

@book{WilsonAndKeil1999,
  address = {Cambridge, Mass.},
  author = {Robert A. Wilson and Frank C. Keil},
  howpublished = {CD-ROM},
  interhash = {2a1c3a33562989bb41790b56c5f66171},
  intrahash = {e86df696f84303aa72688faae22e3fcb},
  publisher = {The MIT Press},
  series = {Bradford Books},
  title = {The MIT Encyclopedia of the Cognitive Sciences (MITECS)},
  url = {http://www.amazon.fr/exec/obidos/redirect?tag=citeulike06-21{\&}path=ASIN/026273124X},
  year = 1999,
  keywords = {cognition semantics},
  added-at = {2007-10-07T10:44:45.000+0200},
  priority = {2},
  isbn = {026273124X},
  biburl = {http://www.bibsonomy.org/bibtex/2e86df696f84303aa72688faae22e3fcb/fsteeg},
  citeulike-article-id = {1574667},
  month = {August},
  abstract = {The state-of-the-art knowledge about knowledge is contained within the <I>MIT Encyclopedia of the Cognitive Sciences</I>. Its 471 comprehensive entries cover topics as diverse as "Hemispheric Specialization," "Epiphenomenalism," and "Algorithms" in 1,000 to 1,500 words each, thoroughly cross-indexed and extensively referenced to launch further research. A few biographical entries are also included, highlighting such giants as Alan Turing and Santiago Ramón y Cajal. The editors selected their contributors well, assigning "Neurobiology of Consciousness" to Christof Koch and Francis Crick, for example. Even better, six longer essays introduce the <I>Encyclopedia</I>, each providing an overview of one of the six disciplines that overlap to form cognitive science: computational intelligence; culture, cognition, and evolution; linguistics and language; neurosciences; philosophy; and psychology. These are enormously helpful to the researcher, as they are general enough to allow easy entry but still meaty enough to be useful themselves and as pointers to specific entries. The <I>MIT Encyclopedia of the Cognitive Sciences</I>, while not a casual entry into the field, is an essential addition to the reference shelf for anyone seriously interested in AI, consciousness, or other aspects of natural and artificial brains. <I>--Rob Lightner</I> This is a fully-searchable, complete text of the <i>MIT Encyclopedia of the Cognitive Sciences (MITECS)</i> on a dual-platform CD-ROM.<br /> <br /> Since the 1970s the cognitive sciences have offered multidisciplinary ways of understanding the mind and cognition. <i>The MIT Encyclopedia of the Cognitive Sciences</i> (MITECS) is a landmark, comprehensive reference work that represents the methodological and theoretical diversity of this changing field.<br /> <br /> At the core of the encyclopedia are 471 concise entries, from Acquisition and Adaptationism to Wundt and X-bar Theory. Each article, written by a leading researcher in the field, provides an accessible introduction to an important concept in the cognitive sciences, as well as references or further readings. Six extended essays, which collectively serve as a roadmap to the articles, provide overviews of each of six major areas of cognitive science: Philosophy; Psychology; Neurosciences; Computational Intelligence; Linguistics and Language; and Culture, Cognition, and Evolution. For both students and researchers, MITECS will be an indispensable guide to the current state of the cognitive sciences.<br /> <br /> System requirements: Compatible with Windows 95, Windows NT (16MB of RAM available to Acrobat Reader; 10MB hard-disk space); Windows 3.1 and 3.11 for Workgroups (12MB hard-disk space); Macintosh and Power Macintosh (8MB of RAM available to Acrobat Reader, Apple System Software version 7.1.2 or later, and 12.5MB hard-disk space).}
}

@book{Labov1975,
  address = {Lisse},
  author = {William Labov},
  interhash = {b5020559a9adc2cd41f764349aebfec5},
  intrahash = {37c70fba71e24832ea996d9062862574},
  publisher = {Peter de Ridder Press},
  title = {What is a Linguistic Fact?},
  year = 1975,
  keywords = {corpus-linguistics linguistics},
  added-at = {2007-10-07T10:44:45.000+0200},
  priority = {0},
  biburl = {http://www.bibsonomy.org/bibtex/237c70fba71e24832ea996d9062862574/fsteeg},
  citeulike-article-id = {1575383}
}

@misc{Goertzel2004,
  author = {Ben Goertzel},
  howpublished = {Dynamical Psychology},
  interhash = {4b5a67edabbd792cef863e67e1717be1},
  intrahash = {a70293a0bb2d03f4383e132202e516d8},
  title = {On Biological and Digital Intelligence},
  year = 2004,
  keywords = {cognition htm},
  added-at = {2007-10-07T10:44:45.000+0200},
  priority = {0},
  biburl = {http://www.bibsonomy.org/bibtex/2a70293a0bb2d03f4383e132202e516d8/fsteeg},
  citeulike-article-id = {1575670}
}

@inproceedings{Pearl1982,
  address = {Pittsburgh, PA},
  author = {J. Pearl},
  booktitle = {Proceedings of the American Association of Artificial Intelligence National Conference on AI},
  interhash = {f372a022ddff5cf2d4f08459a2d43c3f},
  intrahash = {1f1e95f9ec2c9d0160ab2c88b02c6cfc},
  pages = {133--136},
  title = {Reverend Bayes on inference engines: A distributed hierarchical approach},
  year = 1982,
  keywords = {bayes inference machine-lerning probability},
  added-at = {2007-10-07T10:44:45.000+0200},
  priority = {2},
  biburl = {http://www.bibsonomy.org/bibtex/21f1e95f9ec2c9d0160ab2c88b02c6cfc/fsteeg},
  citeulike-article-id = {1584316}
}

@inproceedings{KimAndPearl1983,
  address = {Karlsruhe, Germany},
  author = {J. H. Kim and J. Pearl},
  booktitle = {Proceedings of the IJCAI-83},
  interhash = {3a9b1029ec07f960476d6e0381cde7cc},
  intrahash = {ce7963b92319d5bcdfb02fb536e4d22b},
  pages = {190--193},
  title = {A computational model for combined causal and diagnostic reasoning in inference systems},
  year = 1983,
  keywords = {bayes probability},
  added-at = {2007-10-07T10:44:45.000+0200},
  priority = {2},
  biburl = {http://www.bibsonomy.org/bibtex/2ce7963b92319d5bcdfb02fb536e4d22b/fsteeg},
  citeulike-article-id = {1584328}
}

@book{Pearl1988,
  author = {Judea Pearl},
  howpublished = {Paperback},
  interhash = {b6612d89db121fe51561bf9caaf040dc},
  intrahash = {70393415d10f385d15ba816a488a2dff},
  publisher = {Morgan Kaufmann},
  title = {Probabilistic Reasoning in Intelligent Systems: Networks of Plausible Inference},
  url = {http://www.amazon.ca/exec/obidos/redirect?tag=citeulike09-20{\&}path=ASIN/1558604790},
  year = 1988,
  keywords = {bayes probability},
  added-at = {2007-10-07T10:44:45.000+0200},
  priority = {2},
  isbn = {1558604790},
  biburl = {http://www.bibsonomy.org/bibtex/270393415d10f385d15ba816a488a2dff/fsteeg},
  citeulike-article-id = {235332},
  month = {September},
  abstract = {<p><I>Probabilistic Reasoning in Intelligent Systems</I> is a complete and accessible account of the theoretical foundations and computational methods that underlie plausible reasoning under uncertainty. The author provides a coherent explication of probability as a language for reasoning with partial belief and offers a unifying perspective on other AI approaches to uncertainty, such as the Dempster-Shafer formalism, truth maintenance systems, and nonmonotonic logic.<br><p>The author distinguishes syntactic and semantic approaches to uncertainty--and offers techniques, based on belief networks, that provide a mechanism for making semantics-based systems operational. Specifically, network-propagation techniques serve as a mechanism for combining the theoretical coherence of probability theory with modern demands of reasoning-systems technology: modular declarative inputs, conceptually meaningful inferences, and parallel distributed computation. Application areas include diagnosis, forecasting, image interpretation, multi-sensor fusion, decision support systems, plan recognition, planning, speech recognition--in short, almost every task requiring that conclusions be drawn from uncertain clues and incomplete information.</p><br><p><I>Probabilistic Reasoning in Intelligent Systems</I> will be of special interest to scholars and researchers in AI, decision theory, statistics, logic, philosophy, cognitive psychology, and the management sciences. Professionals in the areas of knowledge-based systems, operations research, engineering, and statistics will find theoretical and computational tools of immediate practical use. The book can also be used as an excellent text for graduate-level courses in AI, operations research, or applied probability.</p>}
}

@incollection{Allwood2003,
  address = {Berlin, New York},
  author = {Jens Allwood},
  booktitle = {Cognitive Approaches to Lexical Semantics},
  editor = {Hubert Cuyckens and René Dirven and John R. Taylor},
  interhash = {f164d35e6120f1a1bb80b03cc1f476db},
  intrahash = {5daa15ce73cdcf0e1db29ed940295390},
  number = 23,
  pages = {29--65},
  publisher = {Mouton de Gruyter},
  series = {Cognitive Linguistics Research},
  title = {Meaning potentials and context: Some consequences for the analysis of variation in meaning},
  year = 2003,
  keywords = {linguistics ma-asw-polysemy polysemy},
  added-at = {2007-10-07T10:44:45.000+0200},
  priority = {5},
  biburl = {http://www.bibsonomy.org/bibtex/25daa15ce73cdcf0e1db29ed940295390/fsteeg},
  citeulike-article-id = {1712398}
}

@incollection{Janssen2003,
  address = {Berlin, New York},
  author = {Theo Janssen},
  booktitle = {Cognitive Approaches to Lexical Semantics},
  editor = {Hubert Cuyckens and René Dirven and John R. Taylor},
  interhash = {08aa0cf10ec116e23a7b49d8b474007d},
  intrahash = {99db644f4d320594c11fc88e9909b4e5},
  number = 23,
  pages = {93--122},
  publisher = {Mouton de Gruyter},
  series = {Cognitive Linguistics Research},
  title = {Monosemy versus polysemy},
  year = 2003,
  keywords = {bibtex-import linguistics ma-asw-polysemy polysemy},
  added-at = {2007-10-07T10:44:45.000+0200},
  priority = {5},
  biburl = {http://www.bibsonomy.org/bibtex/299db644f4d320594c11fc88e9909b4e5/fsteeg},
  citeulike-article-id = {1712411}
}

@incollection{Zlatev2003,
  address = {Berlin, New York},
  author = {Jordan Zlatev},
  booktitle = {Cognitive Approaches to Lexical Semantics},
  editor = {Hubert Cuyckens and René Dirven and John R. Taylor},
  interhash = {11bb316959e3606c604658740f21b69c},
  intrahash = {a4f5bf1d348843b953aa2c647aaabfca},
  number = 23,
  pages = {447--494},
  publisher = {Mouton de Gruyter},
  series = {Cognitive Linguistics Research},
  title = {Polysemy or generality? Mu.},
  year = 2003,
  keywords = {bibtex-import linguistics ma-asw-polysemy polysemy},
  added-at = {2007-10-07T10:44:45.000+0200},
  priority = {5},
  biburl = {http://www.bibsonomy.org/bibtex/2a4f5bf1d348843b953aa2c647aaabfca/fsteeg},
  citeulike-article-id = {1712412}
}

@incollection{CroftAndCruse2004,
  author = {William Croft and Alan D. Cruse},
  booktitle = {Cognitive Linguistics},
  chapter = 5,
  interhash = {ec0eedfe0c7aefd3aa988128717623b4},
  intrahash = {654560a33edeaf1fe9f9264500c0cafe},
  pages = {109--140},
  publisher = {Cambridge University Press},
  title = {Polysemy: the construal of sense boundaries},
  year = 2004,
  keywords = {linguistics ma-asw-polysemy polysemy},
  added-at = {2007-10-07T10:44:45.000+0200},
  priority = {5},
  biburl = {http://www.bibsonomy.org/bibtex/2654560a33edeaf1fe9f9264500c0cafe/fsteeg},
  citeulike-article-id = {1712428}
}

@incollection{Behrens2002,
  address = {Berlin, New York},
  author = {Leila Behrens},
  booktitle = {Lexikologie -- Lexicology: An international handbook on the nature and structure of words and vocabularies},
  editor = {Alan D. Cruse and Franz Hundsnurscher and Michael Job and Peter R. Lutzeier},
  interhash = {bd131a88406be01a68eb33fa20faec34},
  intrahash = {b1989bfa93151cee355b3e9bc4981e58},
  pages = {319--337},
  publisher = {Walter de Gruyter},
  title = {Structuring of word meaning II: Aspects of polysemy},
  volume = 1,
  year = 2002,
  keywords = {linguistics ma-asw-polysemy polysemy},
  added-at = {2007-10-07T10:44:45.000+0200},
  priority = {5},
  biburl = {http://www.bibsonomy.org/bibtex/2b1989bfa93151cee355b3e9bc4981e58/fsteeg},
  citeulike-article-id = {1712442}
}

@article{Behrens1998,
  author = {Leila Behrens},
  interhash = {ce4686b682f6e0ee72c29f14b8e23dc8},
  intrahash = {358d70367f21108e3488bd0a2bf98e75},
  journal = {Lexicology},
  pages = {105--154},
  title = {Polysemy as a problem of representation - “representation” as a problem of polysemy. Review article on: James Pustejovsky, The Generative Lexicon, MIT Press, 1995, pp. 298 + XII},
  volume = 4,
  year = 1998,
  keywords = {linguistics ma-asw-polysemy polysemy},
  added-at = {2007-10-07T10:44:45.000+0200},
  priority = {5},
  biburl = {http://www.bibsonomy.org/bibtex/2358d70367f21108e3488bd0a2bf98e75/fsteeg},
  citeulike-article-id = {1712454}
}

@article{FodorAndPylyshyn1988,
  author = {J. Fodor and Z. Pylyshyn},
  interhash = {caece44f9b638e3ba3f1089540e77dd5},
  intrahash = {302a30d883ea81c58d67376ceac064db},
  journal = {Cognition},
  number = 28,
  pages = {3--71},
  title = {Connectionism and cognitive architecture: A critical analysis},
  year = 1988,
  keywords = {cognition linguistics ma-asw-cognition},
  added-at = {2007-10-07T10:44:45.000+0200},
  priority = {5},
  biburl = {http://www.bibsonomy.org/bibtex/2302a30d883ea81c58d67376ceac064db/fsteeg},
  citeulike-article-id = {1712671}
}

@incollection{Goldberg1996,
  address = {New York},
  author = {Adele Goldberg},
  booktitle = {Concise Encyclopedia of Syntactic Theories},
  editor = {E. K. Brown and J. E. Miller},
  interhash = {8697c2ea04ef9ee2afec1c96e518f660},
  intrahash = {2b0dde1c393ee51e11cbbbb36c5d14b3},
  publisher = {Elsevier},
  title = {Construction Grammar},
  year = 1996,
  keywords = {linguistics ma-asw-cognition},
  added-at = {2007-10-07T10:44:45.000+0200},
  priority = {5},
  biburl = {http://www.bibsonomy.org/bibtex/22b0dde1c393ee51e11cbbbb36c5d14b3/fsteeg},
  citeulike-article-id = {1712696}
}

@incollection{Langacker1991,
  address = {Amsterdam},
  author = {Ronald Langacker},
  booktitle = {Linguistic Theory and Grammatical Description},
  editor = {Flip G. Droste and John E. Joseph},
  interhash = {e6a42332d89da81339a3ae2a47a3d423},
  intrahash = {091dcb9828adb7eb1ce0736f652c184c},
  number = 75,
  pages = {275--306},
  publisher = {John Benjamins},
  series = {Current Issues in Linguistic Theories},
  title = {Cognitive Grammar},
  year = 1991,
  keywords = {cognition linguistics ma-asw-cognition},
  added-at = {2007-10-07T10:44:45.000+0200},
  priority = {5},
  biburl = {http://www.bibsonomy.org/bibtex/2091dcb9828adb7eb1ce0736f652c184c/fsteeg},
  citeulike-article-id = {1712711}
}

@incollection{Rosch1977,
  address = {London},
  author = {Eleanor Rosch},
  booktitle = {Studies in Cross-Cultural Psychology},
  editor = {Neil Warren},
  interhash = {f7c57337171c4ac02c348cc99b3d825a},
  intrahash = {184c0c5ed6a433fd708b903828b82a64},
  pages = {1--49},
  publisher = {Academic Press},
  title = {Human Categorization},
  volume = 1,
  year = 1977,
  keywords = {cognition linguistics ma-asw-cognition},
  added-at = {2007-10-07T10:44:45.000+0200},
  priority = {5},
  biburl = {http://www.bibsonomy.org/bibtex/2184c0c5ed6a433fd708b903828b82a64/fsteeg},
  citeulike-article-id = {1712720}
}

@book{Taylor1989,
  address = {Oxford},
  author = {John R. Taylor},
  interhash = {fde6d3b081ed9ea28fec14b48919a273},
  intrahash = {6158950f3abbf7ce9e2e601c38cf9bfb},
  publisher = {Clarendon Press},
  title = {Linguistic Categorization: Prototypes in Linguistic Theory},
  year = 1989,
  keywords = {cognition linguistics prototypes},
  added-at = {2007-10-07T10:44:45.000+0200},
  priority = {5},
  biburl = {http://www.bibsonomy.org/bibtex/26158950f3abbf7ce9e2e601c38cf9bfb/fsteeg},
  citeulike-article-id = {1712804}
}

@book{Goldberg1995,
  author = {Adele Goldberg},
  interhash = {3daff9cf6506ee245d4b562311502d29},
  intrahash = {7ebe2b84c64136ccd46d73cbae86d5bf},
  publisher = {Chicago University Press},
  series = {Cognitive Theory of Language and Culture},
  title = {Constructions: A Construction Grammar Approach to Argument Structure},
  year = 1995,
  keywords = {cognition linguistics},
  added-at = {2007-10-07T10:44:45.000+0200},
  priority = {5},
  biburl = {http://www.bibsonomy.org/bibtex/27ebe2b84c64136ccd46d73cbae86d5bf/fsteeg},
  citeulike-article-id = {1712813}
}

@book{Dorffner1991,
  address = {Stuttgart},
  author = {Georg Dorffner},
  interhash = {470b11315f3eff11fe98f4ab84b67664},
  intrahash = {4cb8ba5e119e4565384ddca93af975ed},
  publisher = {Teubner},
  title = {Konnektionismus},
  year = 1991,
  keywords = {ai ki konnektionismus},
  added-at = {2007-10-07T10:44:45.000+0200},
  priority = {5},
  biburl = {http://www.bibsonomy.org/bibtex/24cb8ba5e119e4565384ddca93af975ed/fsteeg},
  citeulike-article-id = {1712834}
}

@article{Campbell2001,
  author = {Duncan Campbell},
  interhash = {a4c89adeed514a6837c6e45ba472a1d2},
  intrahash = {e2bf52068ba0ca914f8f41bb8a50335f},
  journal = {International Labour Review},
  number = 2,
  title = {Can the digital divide be contained?},
  volume = 140,
  year = 2001,
  keywords = {digital-divide geo-ma geography},
  added-at = {2007-10-07T10:44:45.000+0200},
  priority = {5},
  biburl = {http://www.bibsonomy.org/bibtex/2e2bf52068ba0ca914f8f41bb8a50335f/fsteeg},
  citeulike-article-id = {1732049}
}

@article{Steinmueller2001,
  author = {Edward Steinmueller},
  interhash = {594d76c8afe1c009c4a8055ce4372697},
  intrahash = {4bb244874b15f98b9a575d73d74f5e9c},
  journal = {International Labour Review},
  number = 2,
  title = {ICTs and the possibilities for leapfrogging by developing countries},
  volume = 140,
  year = 2001,
  keywords = {bibtex-import digital-divide geo-ma geography},
  added-at = {2007-10-07T10:44:45.000+0200},
  priority = {2},
  biburl = {http://www.bibsonomy.org/bibtex/24bb244874b15f98b9a575d73d74f5e9c/fsteeg},
  citeulike-article-id = {1732060}
}

@book{MossbergerEtAl2003,
  address = {Washington, DC},
  author = {Karen Mossberger and Caroline J. Tolbert and Mary Stansbury},
  interhash = {9dee43f6f1f015c47ab370e6ae47d5c9},
  intrahash = {1bb600b93773e3d0bf00341fea76739e},
  publisher = {Georgetown University Press},
  title = {Virtual inequality: beyond the digital divide},
  year = 2003,
  keywords = {digitale divital-divide geo-ma geography spaltung},
  added-at = {2007-10-07T10:44:45.000+0200},
  priority = {5},
  biburl = {http://www.bibsonomy.org/bibtex/21bb600b93773e3d0bf00341fea76739e/fsteeg},
  citeulike-article-id = {1732106}
}

@book{Zillien2006,
  address = {Wiesbaden},
  author = {Nicole Zillien},
  edition = {First},
  interhash = {95797fcec4498403e2dca216fe1f8de8},
  intrahash = {80f9789767934440f22fd8562be3234a},
  publisher = {VS, Verl. für Sozialwiss.},
  title = {Digitale Ungleichheit: neue Technologien und alte Ungleichheiten in der Informations- und Wissensgesellschaft},
  year = 2006,
  keywords = {digitale divital-divide geo-ma geography informationsgesellschaft soziale spaltung ungleichheit},
  added-at = {2007-10-07T10:44:45.000+0200},
  priority = {5},
  biburl = {http://www.bibsonomy.org/bibtex/280f9789767934440f22fd8562be3234a/fsteeg},
  citeulike-article-id = {1732107}
}

@book{Servon2002,
  address = {Malden, Mass.},
  author = {Lisa J. Servon},
  interhash = {26c834f95bc6d3ee2acd8baeb08f7a92},
  intrahash = {df5b7b4845ff4f1c2fa3572c207e9c4f},
  publisher = {Blackwell},
  title = {Bridging the digital divide: technology, community, and public policy},
  year = 2002,
  keywords = {divital-divide geo-ma geography},
  added-at = {2007-10-07T10:44:45.000+0200},
  priority = {5},
  biburl = {http://www.bibsonomy.org/bibtex/2df5b7b4845ff4f1c2fa3572c207e9c4f/fsteeg},
  citeulike-article-id = {1732108}
}

@book{Solomon2003,
  address = {Boston, Mass.},
  author = {Gwen Solomon},
  edition = {First},
  interhash = {c641af653cfaba0779ec1b84e87948bc},
  intrahash = {e6fcefd8b0803bff63893deaae2cde95},
  publisher = {Pearson Education Group},
  title = {Toward digital equity: Bridging the divide in education},
  year = 2003,
  keywords = {bildung chancengleichheit divital-divide geo-ma geography informationstechnik medien neue},
  added-at = {2007-10-07T10:44:45.000+0200},
  priority = {5},
  biburl = {http://www.bibsonomy.org/bibtex/2e6fcefd8b0803bff63893deaae2cde95/fsteeg},
  citeulike-article-id = {1732109}
}

@book{Tseng2006,
  address = {Olney, Bucks.},
  author = {Shu F. Tseng},
  interhash = {5a616b0106ed718995454a1f4faea18c},
  intrahash = {61bf4cd9d06279f6f0310d381b90c36f},
  publisher = {Inderscience Enterprises Ltd.},
  title = {Rethinking digital divide in the information era},
  year = 2006,
  keywords = {divital-divide geo-ma geography},
  added-at = {2007-10-07T10:44:45.000+0200},
  priority = {5},
  biburl = {http://www.bibsonomy.org/bibtex/261bf4cd9d06279f6f0310d381b90c36f/fsteeg},
  citeulike-article-id = {1732110}
}

@book{Guesefeldt2005,
  address = {G"ottingen},
  author = {J"org G"u"sefeldt},
  interhash = {ead0baa7f30e9139587f40c1ec6578e7},
  intrahash = {f041edb7cebd27c76e5cd157498d7e78},
  publisher = {Goltze},
  series = {Göttinger geographische Abhandlungen},
  title = {Die Raumwirtschaftstheorien von Christaller und L"osch aus der Sicht von Wirtschaftsgeographie und ”New Economic Geography”},
  volume = 114,
  year = 2005,
  keywords = {august christaller digital-cities geography losch ma-geo-zentral raumwirtschaftstheorie walter wirtschaftsgeographie},
  added-at = {2007-10-07T10:44:45.000+0200},
  priority = {2},
  biburl = {http://www.bibsonomy.org/bibtex/2f041edb7cebd27c76e5cd157498d7e78/fsteeg},
  citeulike-article-id = {1734337}
}

@book{Sassen2000,
  address = {Stuttgart},
  author = {Saskia Sassen},
  interhash = {c763836787d9530cddc5d8dc9e8d73a2},
  intrahash = {1813f4b9a9967cb9a88199a665f049ce},
  publisher = {Dt. Verl.-Anst.},
  title = {Machtbeben: wohin führt die Globalisierung?},
  year = 2000,
  keywords = {aufsatzsammlung digital-cities geography globalisierung ma-geo-zentral},
  added-at = {2007-10-07T10:44:45.000+0200},
  priority = {2},
  biburl = {http://www.bibsonomy.org/bibtex/21813f4b9a9967cb9a88199a665f049ce/fsteeg},
  citeulike-article-id = {1734338}
}

@book{Kotkin2000,
  address = {New York},
  author = {Joel Kotkin},
  edition = {First},
  interhash = {dd4995910fb489e86ed798085466d952},
  intrahash = {0c7573378c5c417ab501e55fc197d83c},
  publisher = {Random House},
  title = {The new geography: how the digital revolution is reshaping the American landscape},
  year = 2000,
  keywords = {digital-cities geography ma-geo-zentral neue sozialer stadtbevolkerung stadtentwicklung technologie usa wandel},
  added-at = {2007-10-07T10:44:45.000+0200},
  priority = {2},
  biburl = {http://www.bibsonomy.org/bibtex/20c7573378c5c417ab501e55fc197d83c/fsteeg},
  citeulike-article-id = {1734339}
}

@article{Graham2002,
  author = {S. Graham},
  editor = {Michael Harloe},
  interhash = {7e4ccd83868f68991db957311d312b61},
  intrahash = {0a049e189a9828bd6c89d95581577b2c},
  journal = {International journal of urban and regional research},
  number = 1,
  pages = {175--182},
  title = {On technology, infrastructure and the contemporary urban condition: a response to Coutard},
  volume = 26,
  year = 2002,
  keywords = {digital-cities geography infrastruktur ma-geo-zentral netzwerke stadtentwicklung versorgungseinrichtungen},
  added-at = {2007-10-07T10:44:45.000+0200},
  priority = {2},
  biburl = {http://www.bibsonomy.org/bibtex/20a049e189a9828bd6c89d95581577b2c/fsteeg},
  citeulike-article-id = {1734340}
}

@article{Coutard2002,
  author = {O. Coutard},
  editor = {Michael Harloe},
  interhash = {9a02321aacc7c03c2480ab494f37bce1},
  intrahash = {3f3f3d2a65f066c8c219e84610f068d9},
  journal = {International journal of urban and regional research},
  number = 1,
  pages = {166--174},
  title = {Premium network spaces: A comment},
  volume = 26,
  year = 2002,
  keywords = {digital-cities geography infrastruktur ma-geo-zentral netzwerke stadtentwicklung versorgungseinrichtungen},
  added-at = {2007-10-07T10:44:45.000+0200},
  priority = {2},
  biburl = {http://www.bibsonomy.org/bibtex/23f3f3d2a65f066c8c219e84610f068d9/fsteeg},
  citeulike-article-id = {1734341}
}

@article{Graham2000,
  author = {Stephen Graham},
  editor = {Michael Harloe},
  interhash = {f8505cfb2d3f0ba604b725582f6e51fd},
  intrahash = {b2907d48578ed8df58031b34b6afaf0e},
  journal = {International journal of urban and regional research},
  number = 1,
  pages = {183--200},
  title = {Constructing premium network spaces: Reflections on infrastructure networks and contemporary urban development},
  volume = 24,
  year = 2000,
  keywords = {digital-cities geography infrastruktur ma-geo-zentral netzwerke stadtentwicklung},
  added-at = {2007-10-07T10:44:45.000+0200},
  priority = {2},
  biburl = {http://www.bibsonomy.org/bibtex/2b2907d48578ed8df58031b34b6afaf0e/fsteeg},
  citeulike-article-id = {1734342}
}

@book{Benner2002,
  author = {Chris Benner},
  howpublished = {Paperback},
  interhash = {8b75871d9b4bf4719a1a664dfca578ba},
  intrahash = {9bccdca623374c845ed5ff535326e903},
  publisher = {Blackwell Publishing Limited},
  title = {Work in the New Economy: Flexible Labor Markets in Silicon Valley},
  url = {http://www.amazon.fr/exec/obidos/redirect?tag=citeulike06-21{\&}path=ASIN/0631232508},
  year = 2002,
  keywords = {digital-cities geography},
  added-at = {2007-10-07T10:44:45.000+0200},
  priority = {2},
  isbn = {0631232508},
  biburl = {http://www.bibsonomy.org/bibtex/29bccdca623374c845ed5ff535326e903/fsteeg},
  citeulike-article-id = {1734393},
  month = {August},
  abstract = {The rise of the information economy is dramatically transforming work and employment conditions around the globe. Who does the work, how it is done, and the results it produces for individuals and their families, for organizations and for society, is undergoing fundamental change.This book contributes to our understanding of the transformation of work in the information economy, through a detailed examination of labor markets in Silicon Valley. It provides an original and insightful analysis of flexible labor including growing volatility in work demands and increasingly tenuous employment relations. In shaping this context of rapid change, it examines the increasingly important role of labor market intermediaries. These new labor dynamics, shaped by flexibility and intermediation, create difficult and contradictory conditions for workers. Some workers clearly thrive in this vibrant context, but many face high levels of insecurity amidst growing inequality.}
}

@book{NaftalinAndWadler2006,
  author = {Maurice Naftalin and Philip Wadler},
  howpublished = {Paperback},
  interhash = {acc7e3606c2c1a6de6189ca0e0fa1dae},
  intrahash = {04aadf0ea70263dd7c90a113ddfef51d},
  publisher = {O'Reilly Media, Inc.},
  title = {Java Generics and Collections},
  url = {http://www.amazon.fr/exec/obidos/redirect?tag=citeulike06-21{\&}path=ASIN/0596527756},
  year = 2006,
  keywords = {java},
  added-at = {2007-10-07T10:44:45.000+0200},
  priority = {0},
  isbn = {0596527756},
  biburl = {http://www.bibsonomy.org/bibtex/204aadf0ea70263dd7c90a113ddfef51d/fsteeg},
  citeulike-article-id = {1735196},
  month = {October},
  abstract = {This comprehensive guide shows you how to master the most important changes to Java since it was first released. Generics and the greatly expanded collection libraries have tremendously increased the power of Java 5 and Java 6. But they have also confused many developers who haven't known how to take advantage of these new features. <p> <i>Java Generics and Collections</i> covers everything from the most basic uses of generics to the strangest corner cases. It teaches you everything you need to know about the collections libraries, so you'll always know which collection is appropriate for any given task, and how to use it.</p> <p> Topics covered include:<ul> <li>Fundamentals of generics: type parameters and generic methods</li> <li>Other new features: boxing and unboxing, foreach loops, varargs</li> <li>Subtyping and wildcards</li> <li>Evolution not revolution: generic libraries with legacy clients and generic clients with legacy libraries</li> <li>Generics and reflection</li> <li>Design patterns for generics</li> <li>Sets, Queues, Lists, Maps, and their implementations</li> <li>Concurrent programming and thread safety with collections</li> <li>Performance implications of different collections</li> </ul></p> <p>Generics and the new collection libraries they inspired take Java to a new level. If you want to take your software development practice to a new level, this book is essential reading.</p> <p> <b>Philip Wadler</b> is Professor of Theoretical Computer Science at the University of Edinburgh, where his research focuses on the design of programming languages. He is a co-designer of GJ, work that became the basis for generics in Sun's Java 5.0. </p> <p><b>Maurice Naftalin</b> is Technical Director at Morningside Light Ltd., a software consultancy in the United Kingdom. He has most recently served as an architect and mentor at NSB Retail Systems plc, and as the leader of the client development team of a major UK government social service system.</p> <p> <i>"A brilliant exposition of generics. By far the best book on the topic, it provides a crystal clear tutorial that starts with the basics and ends leaving the reader with a deep understanding of both the use and design of generics."</i><br> Gilad Bracha, Java Generics Lead, Sun Microsystems </p>}
}

